{"type": "trade", "market": "USDT-NGN", "tradeId": "t_usdtngn_1", "price": 996.76, "size": 167.9752, "side": "sell", "ts": 1767980937586, "seq": 1}
{"type": "ob_delta", "market": "USDT-NGN", "side": "ask", "price": 998.01, "size": 623.5712, "ts": 1767980937587, "seq": 2}
{"type": "ob_delta", "market": "USDC-NGN", "side": "bid", "price": 1227.98, "size": 0, "ts": 1767980937588, "seq": 3}
{"type": "ob_delta", "market": "USDC-NGN", "side": "ask", "price": 1229.33, "size": 259.0094, "ts": 1767980937589, "seq": 4}
{"type": "ob_delta", "market": "USDC-NGN", "side": "bid", "price": 1228.02, "size": 863.4872, "ts": 1767980937590, "seq": 5}
{"type": "trade", "market": "USDC-NGN", "tradeId": "t_usdcngn_6", "price": 1228.22, "size": 395.5142, "side": "buy", "ts": 1767980937591, "seq": 6}
{"type": "ob_delta", "market": "USDC-NGN", "side": "bid", "price": 1227.94, "size": 703.992, "ts": 1767980937592, "seq": 7}
{"type": "ob_delta", "market": "USDC-NGN", "side": "bid", "price": 1227.98, "size": 0, "ts": 1767980937593, "seq": 8}
{"type": "ob_delta", "market": "USDC-NGN", "side": "ask", "price": 1229.21, "size": 1454.4534, "ts": 1767980937594, "seq": 9}
{"type": "trade", "market": "USDC-NGN", "tradeId": "t_usdcngn_10", "price": 1228.74, "size": 163.3883, "side": "sell", "ts": 1767980937595, "seq": 10}
{"type": "ob_delta", "market": "USDC-NGN", "side": "bid", "price": 1227.87, "size": 407.1704, "ts": 1767980937596, "seq": 11}
{"type": "trade", "market": "USDT-NGN", "tradeId": "t_usdtngn_12", "price": 996.55, "size": 475.218, "side": "buy", "ts": 1767980937597, "seq": 12}
{"type": "ob_delta", "market": "USDT-NGN", "side": "bid", "price": 996.45, "size": 721.9582, "ts": 1767980937598, "seq": 13}
{"type": "ob_delta", "market": "USDC-NGN", "side": "ask", "price": 1229.64, "size": 1206.0794, "ts": 1767980937599, "seq": 14}
{"type": "ob_delta", "market": "USDT-NGN", "side": "ask", "price": 997.76, "size": 0, "ts": 1767980937600, "seq": 15}
{"type": "ob_delta", "market": "USDT-NGN", "side": "ask", "price": 997.72, "size": 1171.4992, "ts": 1767980937601, "seq": 16}
{"type": "trade", "market": "USDC-NGN", "tradeId": "t_usdcngn_17", "price": 1228.76, "size": 416.4568, "side": "sell", "ts": 1767980937602, "seq": 17}
{"type": "ob_delta", "market": "USDT-NGN", "side": "bid", "price": 996.11, "size": 0, "ts": 1767980937603, "seq": 18}
{"type": "ob_delta", "market": "USDT-NGN", "side": "ask", "price": 997.8, "size": 0, "ts": 1767980937604, "seq": 19}
{"type": "ob_delta", "market": "USDT-NGN", "side": "ask", "price": 997.61, "size": 250.8447, "ts": 1767980937605, "seq": 20}
{"type": "ob_delta", "market": "USDT-NGN", "side": "bid", "price": 996.36, "size": 0, "ts": 1767980937606, "seq": 21}
{"type": "trade", "market": "USDC-NGN", "tradeId": "t_usdcngn_22", "price": 1228.35, "size": 230.0655, "side": "buy", "ts": 1767980937607, "seq": 22}
{"type": "ob_delta", "market": "USDT-NGN", "side": "ask", "price": 997.67, "size": 528.1263, "ts": 1767980937608, "seq": 23}
{"type": "trade", "market": "USDC-NGN", "tradeId": "t_usdcngn_24", "price": 1228.21, "size": 395.2639, "side": "buy", "ts": 1767980937609, "seq": 24}
{"type": "ob_delta", "market": "USDT-NGN", "side": "bid", "price": 996.47, "size": 467.3097, "ts": 1767980937610, "seq": 25}
{"type": "trade", "market": "USDC-NGN", "tradeId": "t_usdcngn_26", "price": 1229.16, "size": 205.2195, "side": "sell", "ts": 1767980937611, "seq": 26}
{"type": "trade", "market": "USDT-NGN", "tradeId": "t_usdtngn_27", "price": 996.85, "size": 472.6179, "side": "sell", "ts": 1767980937612, "seq": 27}
{"type": "ob_delta", "market": "USDC-NGN", "side": "ask", "price": 1229.36, "size": 323.4233, "ts": 1767980937613, "seq": 28}
{"type": "ob_delta", "market": "USDT-NGN", "side": "bid", "price": 996.17, "size": 362.6699, "ts": 1767980937614, "seq": 29}
{"type": "ob_delta", "market": "USDC-NGN", "side": "bid", "price": 1227.76, "size": 1044.9725, "ts": 1767980937615, "seq": 30}
{"type": "ob_delta", "market": "USDT-NGN", "side": "ask", "price": 997.59, "size": 0, "ts": 1767980937616, "seq": 31}
{"type": "ob_delta", "market": "USDC-NGN", "side": "bid", "price": 1227.72, "size": 159.7737, "ts": 1767980937617, "seq": 32}
{"type": "ob_delta", "market": "USDT-NGN", "side": "ask", "price": 998.0, "size": 638.005, "ts": 1767980937618, "seq": 33}
{"type": "ob_delta", "market": "USDC-NGN", "side": "ask", "price": 1229.38, "size": 221.7167, "ts": 1767980937619, "seq": 34}
{"type": "ob_delta", "market": "USDC-NGN", "side": "bid", "price": 1228.04, "size": 766.4157, "ts": 1767980937620, "seq": 35}
{"type": "ob_delta", "market": "USDT-NGN", "side": "ask", "price": 997.73, "size": 0, "ts": 1767980937621, "seq": 36}
{"type": "ob_delta", "market": "USDC-NGN", "side": "ask", "price": 1229.27, "size": 296.6904, "ts": 1767980937622, "seq": 37}
{"type": "trade", "market": "USDC-NGN", "tradeId": "t_usdcngn_38", "price": 1228.94, "size": 70.8521, "side": "buy", "ts": 1767980937623, "seq": 38}
{"type": "ob_delta", "market": "USDT-NGN", "side": "ask", "price": 997.6, "size": 0, "ts": 1767980937624, "seq": 39}
{"type": "ob_delta", "market": "USDC-NGN", "side": "ask", "price": 1229.45, "size": 845.8797, "ts": 1767980937625, "seq": 40}
{"type": "ob_delta", "market": "USDT-NGN", "side": "bid", "price": 996.33, "size": 291.6063, "ts": 1767980937626, "seq": 41}
{"type": "ob_delta", "market": "USDC-NGN", "side": "ask", "price": 1229.42, "size": 914.232, "ts": 1767980937627, "seq": 42}
{"type": "ob_delta", "market": "USDC-NGN", "side": "ask", "price": 1229.43, "size": 596.7139, "ts": 1767980937628, "seq": 43}
{"type": "trade", "market": "USDC-NGN", "tradeId": "t_usdcngn_44", "price": 1228.41, "size": 374.7833, "side": "buy", "ts": 1767980937629, "seq": 44}
{"type": "trade", "market": "USDT-NGN", "tradeId": "t_usdtngn_45", "price": 996.56, "size": 364.5545, "side": "buy", "ts": 1767980937630, "seq": 45}
{"type": "ob_delta", "market": "USDC-NGN", "side": "bid", "price": 1228.13, "size": 106.7233, "ts": 1767980937631, "seq": 46}
{"type": "ob_delta", "market": "USDT-NGN", "side": "bid", "price": 996.23, "size": 0, "ts": 1767980937632, "seq": 47}
{"type": "trade", "market": "USDT-NGN", "tradeId": "t_usdtngn_48", "price": 996.64, "size": 357.2952, "side": "buy", "ts": 1767980937633, "seq": 48}
{"type": "ob_delta", "market": "USDC-NGN", "side": "bid", "price": 1228.17, "size": 290.1153, "ts": 1767980937634, "seq": 49}
{"type": "trade", "market": "USDT-NGN", "tradeId": "t_usdtngn_50", "price": 996.78, "size": 322.2724, "side": "buy", "ts": 1767980937635, "seq": 50}
{"type": "trade", "market": "USDC-NGN", "tradeId": "t_usdcngn_51", "price": 1228.41, "size": 78.9966, "side": "sell", "ts": 1767980937636, "seq": 51}
{"type": "ob_delta", "market": "USDC-NGN", "side": "bid", "price": 1228.08, "size": 782.5718, "ts": 1767980937637, "seq": 52}
{"type": "ob_delta", "market": "USDC-NGN", "side": "bid", "price": 1228.18, "size": 0, "ts": 1767980937638, "seq": 53}
{"type": "trade", "market": "USDC-NGN", "tradeId": "t_usdcngn_54", "price": 1228.4, "size": 39.9113, "side": "buy", "ts": 1767980937639, "seq": 54}
{"type": "ob_delta", "market": "USDC-NGN", "side": "ask", "price": 1229.66, "size": 856.3709, "ts": 1767980937640, "seq": 55}
{"type": "trade", "market": "USDC-NGN", "tradeId": "t_usdcngn_56", "price": 1228.49, "size": 269.1372, "side": "sell", "ts": 1767980937641, "seq": 56}
{"type": "trade", "market": "USDT-NGN", "tradeId": "t_usdtngn_57", "price": 996.87, "size": 151.1333, "side": "sell", "ts": 1767980937642, "seq": 57}
{"type": "trade", "market": "USDT-NGN", "tradeId": "t_usdtngn_58", "price": 997.38, "size": 187.2012, "side": "sell", "ts": 1767980937643, "seq": 58}
{"type": "ob_delta", "market": "USDC-NGN", "side": "ask", "price": 1229.27, "size": 119.4639, "ts": 1767980937644, "seq": 59}
{"type": "ob_delta", "market": "USDT-NGN", "side": "ask", "price": 997.82, "size": 1075.9882, "ts": 1767980937645, "seq": 60}
{"type": "trade", "market": "USDC-NGN", "tradeId": "t_usdcngn_61", "price": 1228.33, "size": 375.4784, "side": "buy", "ts": 1767980937646, "seq": 61}
{"type": "ob_delta", "market": "USDC-NGN", "side": "ask", "price": 1229.28, "size": 666.4706, "ts": 1767980937647, "seq": 62}
{"type": "ob_delta", "market": "USDC-NGN", "side": "ask", "price": 1229.24, "size": 0, "ts": 1767980937648, "seq": 63}
{"type": "trade", "market": "USDT-NGN", "tradeId": "usdtngn_73", "price": 996.96, "size": 385.1997, "side": "sell", "ts": 1767980937649, "seq": 64}
{"type": "ob_delta", "market": "USDT-NGN", "side": "bid", "price": 996.24, "size": 79.1608, "ts": 1767980937650, "seq": 65}
{"type": "ob_delta", "market": "USDT-NGN", "side": "bid", "price": 996.23, "size": 152.6987, "ts": 1767980937651, "seq": 66}
{"type": "trade", "market": "USDT-NGN", "tradeId": "t_usdtngn_67", "price": 997.38, "size": 168.3155, "side": "sell", "ts": 1767980937652, "seq": 67}
{"type": "trade", "market": "USDT-NGN", "tradeId": "t_usdtngn_68", "price": 997.34, "size": 58.9949, "side": "sell", "ts": 1767980937653, "seq": 68}
{"type": "ob_delta", "market": "USDT-NGN", "side": "ask", "price": 997.63, "size": 443.5639, "ts": 1767980937654, "seq": 69}
{"type": "ob_delta", "market": "USDC-NGN", "side": "ask", "price": 1229.41, "size": 366.4132, "ts": 1767980937655, "seq": 70}
{"type": "ob_delta", "market": "USDT-NGN", "side": "bid", "price": 996.18, "size": 514.1356, "ts": 1767980937656, "seq": 71}
{"type": "ob_delta", "market": "USDC-NGN", "side": "ask", "price": 1229.56, "size": 810.6042, "ts": 1767980937657, "seq": 72}
{"type": "ob_delta", "market": "USDT-NGN", "side": "bid", "price": 996.34, "size": 174.9735, "ts": 1767980937658, "seq": 73}
{"type": "ob_delta", "market": "USDC-NGN", "side": "ask", "price": 1229.22, "size": 647.3575, "ts": 1767980937659, "seq": 74}
{"type": "ob_delta", "market": "USDC-NGN", "side": "ask", "price": 1229.59, "size": 841.28, "ts": 1767980937660, "seq": 75}
{"type": "ob_delta", "market": "USDC-NGN", "side": "bid", "price": 1227.75, "size": 687.4126, "ts": 1767980937661, "seq": 76}
{"type": "ob_delta", "market": "USDC-NGN", "side": "bid", "price": 1227.91, "size": 462.8765, "ts": 1767980937662, "seq": 77}
{"type": "trade", "market": "USDT-NGN", "tradeId": "t_usdtngn_78", "price": 996.61, "size": 382.0328, "side": "buy", "ts": 1767980937663, "seq": 78}
{"type": "ob_delta", "market": "USDT-NGN", "side": "bid", "price": 996.04, "size": 1027.1189, "ts": 1767980937664, "seq": 79}
{"type": "ob_delta", "market": "USDC-NGN", "side": "ask", "price": 1229.46, "size": 765.0799, "ts": 1767980937665, "seq": 80}
{"type": "ob_delta", "market": "USDT-NGN", "side": "bid", "price": 996.08, "size": 901.1136, "ts": 1767980937666, "seq": 81}
{"type": "trade", "market": "USDC-NGN", "tradeId": "t_usdcngn_82", "price": 1228.55, "size": 202.1129, "side": "sell", "ts": 1767980937667, "seq": 82}
{"type": "ob_delta", "market": "USDT-NGN", "side": "bid", "price": 996.22, "size": 814.1329, "ts": 1767980937668, "seq": 83}
{"type": "ob_delta", "market": "USDC-NGN", "side": "ask", "price": 1229.42, "size": 1225.3936, "ts": 1767980937669, "seq": 84}
{"type": "ob_delta", "market": "USDT-NGN", "side": "ask", "price": 997.76, "size": 0, "ts": 1767980937670, "seq": 85}
{"type": "trade", "market": "USDT-NGN", "tradeId": "t_usdtngn_86", "price": 997.52, "size": 50.0571, "side": "buy", "ts": 1767980937671, "seq": 86}
{"type": "ob_delta", "market": "USDT-NGN", "side": "bid", "price": 996.12, "size": 670.6941, "ts": 1767980937672, "seq": 87}
{"type": "trade", "market": "USDC-NGN", "tradeId": "t_usdcngn_88", "price": 1228.65, "size": 273.4989, "side": "buy", "ts": 1767980937673, "seq": 88}
{"type": "ob_delta", "market": "USDC-NGN", "side": "bid", "price": 1228.13, "size": 367.6155, "ts": 1767980937674, "seq": 89}
{"type": "ob_delta", "market": "USDC-NGN", "side": "bid", "price": 1227.82, "size": 1291.5673, "ts": 1767980937675, "seq": 90}
{"type": "ob_delta", "market": "USDT-NGN", "side": "ask", "price": 997.85, "size": 401.0563, "ts": 1767980937676, "seq": 91}
{"type": "ob_delta", "market": "USDC-NGN", "side": "ask", "price": 1229.44, "size": 1120.808, "ts": 1767980937677, "seq": 92}
{"type": "trade", "market": "USDC-NGN", "tradeId": "usdcngn_25", "price": 1228.72, "size": 81.0044, "side": "sell", "ts": 1767980937678, "seq": 93}
{"type": "trade", "market": "USDC-NGN", "tradeId": "t_usdcngn_94", "price": 1228.59, "size": 411.0604, "side": "sell", "ts": 1767980937679, "seq": 94}
{"type": "ob_delta", "market": "USDT-NGN", "side": "ask", "price": 997.59, "size": 315.6461, "ts": 1767980937680, "seq": 95}
{"type": "trade", "market": "USDC-NGN", "tradeId": "t_usdcngn_96", "price": 1228.26, "size": 39.7008, "side": "buy", "ts": 1767980937681, "seq": 96}
{"type": "ob_delta", "market": "USDC-NGN", "side": "bid", "price": 1228.09, "size": 760.5228, "ts": 1767980937682, "seq": 97}
{"type": "ob_delta", "market": "USDC-NGN", "side": "bid", "price": 1228.11, "size": 257.8819, "ts": 1767980937683, "seq": 98}
{"type": "ob_delta", "market": "USDT-NGN", "side": "ask", "price": 997.7, "size": 278.5511, "ts": 1767980937684, "seq": 99}
{"type": "trade", "market": "USDT-NGN", "tradeId": "t_usdtngn_100", "price": 997.36, "size": 259.878, "side": "buy", "ts": 1767980937685, "seq": 100}
{"type": "trade", "market": "USDT-NGN", "tradeId": "t_usdtngn_101", "price": 996.59, "size": 185.1174, "side": "sell", "ts": 1767980937686, "seq": 101}
{"type": "trade", "market": "USDT-NGN", "tradeId": "t_usdtngn_102", "price": 997.4, "size": 329.4766, "side": "buy", "ts": 1767980937687, "seq": 102}
{"type": "ob_delta", "market": "USDC-NGN", "side": "ask", "price": 1229.28, "size": 889.2531, "ts": 1767980937688, "seq": 103}
{"type": "trade", "market": "USDT-NGN", "tradeId": "t_usdtngn_104", "price": 996.9, "size": 337.9055, "side": "buy", "ts": 1767980937689, "seq": 104}
{"type": "ob_delta", "market": "USDC-NGN", "side": "bid", "price": 1227.92, "size": 382.3863, "ts": 1767980937690, "seq": 105}
{"type": "trade", "market": "USDT-NGN", "tradeId": "t_usdtngn_106", "price": 996.68, "size": 177.5062, "side": "buy", "ts": 1767980937691, "seq": 106}
{"type": "ob_delta", "market": "USDC-NGN", "side": "ask", "price": 1229.28, "size": 537.1082, "ts": 1767980937692, "seq": 107}
{"type": "trade", "market": "USDT-NGN", "tradeId": "t_usdtngn_108", "price": 996.91, "size": 218.2476, "side": "sell", "ts": 1767980937693, "seq": 108}
{"type": "ob_delta", "market": "USDT-NGN", "side": "bid", "price": 996.42, "size": 358.4014, "ts": 1767980937694, "seq": 109}
{"type": "ob_delta", "market": "USDC-NGN", "side": "ask", "price": 1229.19, "size": 351.7324, "ts": 1767980937695, "seq": 110}
{"type": "ob_delta", "market": "USDT-NGN", "side": "bid", "price": 996.25, "size": 0, "ts": 1767980937696, "seq": 111}
{"type": "trade", "market": "USDT-NGN", "tradeId": "t_usdtngn_112", "price": 997.03, "size": 188.9441, "side": "buy", "ts": 1767980937697, "seq": 112}
{"type": "ob_delta", "market": "USDT-NGN", "side": "ask", "price": 997.71, "size": 671.991, "ts": 1767980937698, "seq": 113}
{"type": "ob_delta", "market": "USDT-NGN", "side": "ask", "price": 997.78, "size": 257.6615, "ts": 1767980937699, "seq": 114}
{"type": "trade", "market": "USDC-NGN", "tradeId": "t_usdcngn_115", "price": 1229.16, "size": 333.4655, "side": "buy", "ts": 1767980937700, "seq": 115}
{"type": "trade", "market": "USDT-NGN", "tradeId": "t_usdtngn_116", "price": 997.03, "size": 366.7388, "side": "sell", "ts": 1767980937701, "seq": 116}
{"type": "ob_delta", "market": "USDC-NGN", "side": "bid", "price": 1227.91, "size": 96.7217, "ts": 1767980937702, "seq": 117}
{"type": "ob_delta", "market": "USDT-NGN", "side": "ask", "price": 997.77, "size": 907.8089, "ts": 1767980937703, "seq": 118}
{"type": "ob_delta", "market": "USDT-NGN", "side": "ask", "price": 997.9, "size": 0, "ts": 1767980937704, "seq": 119}
{"type": "ob_delta", "market": "USDT-NGN", "side": "ask", "price": 997.53, "size": 0, "ts": 1767980937705, "seq": 120}
{"type": "ob_delta", "market": "USDC-NGN", "side": "ask", "price": 1229.18, "size": 0, "ts": 1767980937706, "seq": 121}
{"type": "ob_delta", "market": "USDC-NGN", "side": "bid", "price": 1227.89, "size": 164.2216, "ts": 1767980937707, "seq": 122}
{"type": "ob_delta", "market": "USDC-NGN", "side": "ask", "price": 1229.56, "size": 708.1627, "ts": 1767980937708, "seq": 123}
{"type": "ob_delta", "market": "USDT-NGN", "side": "ask", "price": 997.55, "size": 936.842, "ts": 1767980937709, "seq": 124}
{"type": "trade", "market": "USDC-NGN", "tradeId": "t_usdcngn_125", "price": 1228.81, "size": 364.4404, "side": "buy", "ts": 1767980937710, "seq": 125}
{"type": "ob_delta", "market": "USDT-NGN", "side": "bid", "price": 996.34, "size": 0, "ts": 1767980937711, "seq": 126}
{"type": "ob_delta", "market": "USDC-NGN", "side": "bid", "price": 1227.91, "size": 0, "ts": 1767980937712, "seq": 127}
{"type": "trade", "market": "USDC-NGN", "tradeId": "t_usdcngn_128", "price": 1228.53, "size": 187.3554, "side": "sell", "ts": 1767980937713, "seq": 128}
{"type": "ob_delta", "market": "USDC-NGN", "side": "bid", "price": 1228.12, "size": 289.7692, "ts": 1767980937714, "seq": 129}
{"type": "ob_delta", "market": "USDC-NGN", "side": "ask", "price": 1229.37, "size": 1305.3836, "ts": 1767980937715, "seq": 130}
{"type": "ob_delta", "market": "USDT-NGN", "side": "bid", "price": 996.09, "size": 0, "ts": 1767980937716, "seq": 131}
{"type": "ob_delta", "market": "USDT-NGN", "side": "ask", "price": 997.91, "size": 1230.1345, "ts": 1767980937717, "seq": 132}
{"type": "ob_delta", "market": "USDC-NGN", "side": "bid", "price": 1227.91, "size": 50.1411, "ts": 1767980937718, "seq": 133}
{"type": "ob_delta", "market": "USDC-NGN", "side": "bid", "price": 1228.13, "size": 770.7358, "ts": 1767980937719, "seq": 134}
{"type": "ob_delta", "market": "USDC-NGN", "side": "bid", "price": 1227.77, "size": 587.8941, "ts": 1767980937720, "seq": 135}
{"type": "ob_delta", "market": "USDT-NGN", "side": "bid", "price": 996.06, "size": 56.0503, "ts": 1767980937721, "seq": 136}
{"type": "ob_delta", "market": "USDC-NGN", "side": "bid", "price": 1227.94, "size": 402.3122, "ts": 1767980937722, "seq": 137}
{"type": "ob_delta", "market": "USDC-NGN", "side": "bid", "price": 1227.7, "size": 1108.5995, "ts": 1767980937723, "seq": 138}
{"type": "ob_delta", "market": "USDC-NGN", "side": "ask", "price": 1229.3, "size": 17.9257, "ts": 1767980937724, "seq": 139}
{"type": "ob_delta", "market": "USDC-NGN", "side": "bid", "price": 1228.17, "size": 0, "ts": 1767980937725, "seq": 140}
{"type": "ob_delta", "market": "USDC-NGN", "side": "ask", "price": 1229.3, "size": 0, "ts": 1767980937726, "seq": 141}
{"type": "ob_delta", "market": "USDC-NGN", "side": "bid", "price": 1228.05, "size": 0, "ts": 1767980937727, "seq": 142}
{"type": "ob_delta", "market": "USDC-NGN", "side": "bid", "price": 1227.89, "size": 42.5563, "ts": 1767980937728, "seq": 143}
{"type": "ob_delta", "market": "USDT-NGN", "side": "bid", "price": 996.15, "size": 0, "ts": 1767980937729, "seq": 144}
{"type": "ob_delta", "market": "USDT-NGN", "side": "bid", "price": 996.12, "size": 0, "ts": 1767980937730, "seq": 145}
{"type": "ob_delta", "market": "USDT-NGN", "side": "ask", "price": 997.98, "size": 1131.4346, "ts": 1767980937731, "seq": 146}
{"type": "ob_delta", "market": "USDC-NGN", "side": "bid", "price": 1227.84, "size": 1355.7938, "ts": 1767980937732, "seq": 147}
{"type": "ob_delta", "market": "USDC-NGN", "side": "bid", "price": 1227.89, "size": 409.5605, "ts": 1767980937733, "seq": 148}
{"type": "trade", "market": "USDT-NGN", "tradeId": "t_usdtngn_149", "price": 996.64, "size": 408.7158, "side": "buy", "ts": 1767980937734, "seq": 149}
{"type": "ob_delta", "market": "USDC-NGN", "side": "ask", "price": 1229.2, "size": 1037.8735, "ts": 1767980937735, "seq": 150}
{"type": "trade", "market": "USDC-NGN", "tradeId": "usdcngn_29", "price": 1228.28, "size": 242.2666, "side": "buy", "ts": 1767980937736, "seq": 151}
{"type": "ob_delta", "market": "USDT-NGN", "side": "ask", "price": 997.77, "size": 656.9184, "ts": 1767980937737, "seq": 152}
{"type": "ob_delta", "market": "USDT-NGN", "side": "ask", "price": 997.7, "size": 294.0148, "ts": 1767980937738, "seq": 153}
{"type": "ob_delta", "market": "USDC-NGN", "side": "bid", "price": 1228.1, "size": 533.5666, "ts": 1767980937739, "seq": 154}
{"type": "ob_delta", "market": "USDC-NGN", "side": "bid", "price": 1227.86, "size": 163.2047, "ts": 1767980937740, "seq": 155}
{"type": "ob_delta", "market": "USDT-NGN", "side": "ask", "price": 997.71, "size": 0, "ts": 1767980937741, "seq": 156}
{"type": "trade", "market": "USDT-NGN", "tradeId": "t_usdtngn_157", "price": 997.02, "size": 124.7777, "side": "sell", "ts": 1767980937742, "seq": 157}
{"type": "trade", "market": "USDT-NGN", "tradeId": "t_usdtngn_158", "price": 996.92, "size": 195.7863, "side": "buy", "ts": 1767980937743, "seq": 158}
{"type": "trade", "market": "USDT-NGN", "tradeId": "t_usdtngn_159", "price": 996.83, "size": 179.9862, "side": "sell", "ts": 1767980937744, "seq": 159}
{"type": "ob_delta", "market": "USDT-NGN", "side": "ask", "price": 997.96, "size": 0, "ts": 1767980937745, "seq": 160}
{"type": "ob_delta", "market": "USDC-NGN", "side": "ask", "price": 1229.19, "size": 695.0807, "ts": 1767980937746, "seq": 161}
{"type": "trade", "market": "USDT-NGN", "tradeId": "t_usdtngn_162", "price": 997.29, "size": 112.0879, "side": "buy", "ts": 1767980937747, "seq": 162}
{"type": "ob_delta", "market": "USDC-NGN", "side": "ask", "price": 1229.35, "size": 617.5156, "ts": 1767980937748, "seq": 163}
{"type": "ob_delta", "market": "USDT-NGN", "side": "bid", "price": 996.46, "size": 0, "ts": 1767980937749, "seq": 164}
{"type": "ob_delta", "market": "USDC-NGN", "side": "bid", "price": 1227.98, "size": 0, "ts": 1767980937750, "seq": 165}
{"type": "trade", "market": "USDC-NGN", "tradeId": "t_usdcngn_166", "price": 1229.08, "size": 28.3892, "side": "buy", "ts": 1767980937751, "seq": 166}
{"type": "ob_delta", "market": "USDC-NGN", "side": "ask", "price": 1229.18, "size": 0, "ts": 1767980937752, "seq": 167}
{"type": "ob_delta", "market": "USDT-NGN", "side": "bid", "price": 996.24, "size": 178.6849, "ts": 1767980937753, "seq": 168}
{"type": "trade", "market": "USDT-NGN", "tradeId": "t_usdtngn_169", "price": 996.87, "size": 7.0144, "side": "sell", "ts": 1767980937754, "seq": 169}
{"type": "ob_delta", "market": "USDC-NGN", "side": "ask", "price": 1229.24, "size": 0, "ts": 1767980937755, "seq": 170}
{"type": "ob_delta", "market": "USDC-NGN", "side": "bid", "price": 1227.7, "size": 1343.5185, "ts": 1767980937756, "seq": 171}
{"type": "ob_delta", "market": "USDT-NGN", "side": "ask", "price": 997.63, "size": 539.923, "ts": 1767980937757, "seq": 172}
{"type": "trade", "market": "USDC-NGN", "tradeId": "t_usdcngn_173", "price": 1228.19, "size": 135.4927, "side": "buy", "ts": 1767980937758, "seq": 173}
{"type": "ob_delta", "market": "USDC-NGN", "side": "ask", "price": 1229.31, "size": 858.5364, "ts": 1767980937759, "seq": 174}
{"type": "ob_delta", "market": "USDC-NGN", "side": "ask", "price": 1229.55, "size": 0, "ts": 1767980937760, "seq": 175}
{"type": "ob_delta", "market": "USDT-NGN", "side": "bid", "price": 996.47, "size": 110.6236, "ts": 1767980937761, "seq": 176}
{"type": "ob_delta", "market": "USDC-NGN", "side": "ask", "price": 1229.23, "size": 867.8197, "ts": 1767980937762, "seq": 177}
{"type": "ob_delta", "market": "USDC-NGN", "side": "bid", "price": 1228.04, "size": 638.3579, "ts": 1767980937763, "seq": 178}
{"type": "ob_delta", "market": "USDC-NGN", "side": "bid", "price": 1227.95, "size": 367.4625, "ts": 1767980937764, "seq": 179}
{"type": "ob_delta", "market": "USDC-NGN", "side": "bid", "price": 1227.7, "size": 880.2733, "ts": 1767980937765, "seq": 180}
{"type": "ob_delta", "market": "USDT-NGN", "side": "ask", "price": 997.69, "size": 0, "ts": 1767980937766, "seq": 181}
{"type": "ob_delta", "market": "USDT-NGN", "side": "ask", "price": 997.88, "size": 1113.7832, "ts": 1767980937767, "seq": 182}
{"type": "trade", "market": "USDT-NGN", "tradeId": "t_usdtngn_183", "price": 997.5, "size": 331.4686, "side": "buy", "ts": 1767980937768, "seq": 183}
{"type": "ob_delta", "market": "USDT-NGN", "side": "bid", "price": 996.15, "size": 0, "ts": 1767980937769, "seq": 184}
{"type": "ob_delta", "market": "USDC-NGN", "side": "bid", "price": 1227.97, "size": 208.6468, "ts": 1767980937770, "seq": 185}
{"type": "ob_delta", "market": "USDT-NGN", "side": "ask", "price": 997.93, "size": 0, "ts": 1767980937771, "seq": 186}
{"type": "trade", "market": "USDT-NGN", "tradeId": "t_usdtngn_187", "price": 997.4, "size": 412.5641, "side": "buy", "ts": 1767980937772, "seq": 187}
{"type": "ob_delta", "market": "USDT-NGN", "side": "bid", "price": 996.32, "size": 914.0777, "ts": 1767980937773, "seq": 188}
{"type": "trade", "market": "USDT-NGN", "tradeId": "t_usdtngn_189", "price": 996.72, "size": 92.7141, "side": "sell", "ts": 1767980937774, "seq": 189}
{"type": "ob_delta", "market": "USDT-NGN", "side": "ask", "price": 997.93, "size": 62.7728, "ts": 1767980937775, "seq": 190}
{"type": "trade", "market": "USDT-NGN", "tradeId": "t_usdtngn_191", "price": 997.49, "size": 451.9608, "side": "sell", "ts": 1767980937776, "seq": 191}
{"type": "trade", "market": "USDT-NGN", "tradeId": "t_usdtngn_192", "price": 997.48, "size": 96.9659, "side": "buy", "ts": 1767980937777, "seq": 192}
{"type": "trade", "market": "USDC-NGN", "tradeId": "t_usdcngn_193", "price": 1229.17, "size": 60.6513, "side": "buy", "ts": 1767980937778, "seq": 193}
{"type": "trade", "market": "USDC-NGN", "tradeId": "t_usdcngn_194", "price": 1228.57, "size": 316.4231, "side": "sell", "ts": 1767980937779, "seq": 194}
{"type": "ob_delta", "market": "USDT-NGN", "side": "bid", "price": 996.33, "size": 440.2587, "ts": 1767980937780, "seq": 195}
{"type": "ob_delta", "market": "USDT-NGN", "side": "bid", "price": 996.25, "size": 0.9139, "ts": 1767980937781, "seq": 196}
{"type": "ob_delta", "market": "USDC-NGN", "side": "ask", "price": 1229.4, "size": 1004.8055, "ts": 1767980937782, "seq": 197}
{"type": "ob_delta", "market": "USDT-NGN", "side": "bid", "price": 996.2, "size": 0, "ts": 1767980937783, "seq": 198}
{"type": "ob_delta", "market": "USDC-NGN", "side": "ask", "price": 1229.22, "size": 0, "ts": 1767980937784, "seq": 199}
{"type": "ob_delta", "market": "USDC-NGN", "side": "ask", "price": 1229.52, "size": 668.6881, "ts": 1767980937785, "seq": 200}
{"type": "ob_delta", "market": "USDC-NGN", "side": "bid", "price": 1227.69, "size": 43.3856, "ts": 1767980937786, "seq": 201}
{"type": "ob_delta", "market": "USDC-NGN", "side": "bid", "price": 1228.04, "size": 634.3093, "ts": 1767980937787, "seq": 202}
{"type": "trade", "market": "USDT-NGN", "tradeId": "t_usdtngn_203", "price": 996.95, "size": 235.4032, "side": "buy", "ts": 1767980937788, "seq": 203}
{"type": "ob_delta", "market": "USDT-NGN", "side": "bid", "price": 996.14, "size": 0, "ts": 1767980937789, "seq": 204}
{"type": "ob_delta", "market": "USDC-NGN", "side": "bid", "price": 1228.07, "size": 361.538, "ts": 1767980937790, "seq": 205}
{"type": "ob_delta", "market": "USDC-NGN", "side": "ask", "price": 1229.63, "size": 1049.1805, "ts": 1767980937791, "seq": 206}
{"type": "ob_delta", "market": "USDC-NGN", "side": "ask", "price": 1229.25, "size": 155.0445, "ts": 1767980937792, "seq": 207}
{"type": "ob_delta", "market": "USDC-NGN", "side": "ask", "price": 1229.45, "size": 1235.0299, "ts": 1767980937793, "seq": 208}
{"type": "ob_delta", "market": "USDT-NGN", "side": "ask", "price": 997.56, "size": 1237.6444, "ts": 1767980937794, "seq": 209}
{"type": "ob_delta", "market": "USDT-NGN", "side": "bid", "price": 996.41, "size": 252.5584, "ts": 1767980937795, "seq": 210}
{"type": "trade", "market": "USDT-NGN", "tradeId": "t_usdtngn_211", "price": 997.07, "size": 70.5094, "side": "sell", "ts": 1767980937796, "seq": 211}
{"type": "ob_delta", "market": "USDC-NGN", "side": "ask", "price": 1229.65, "size": 1040.1991, "ts": 1767980937797, "seq": 212}
{"type": "trade", "market": "USDT-NGN", "tradeId": "t_usdtngn_213", "price": 997.5, "size": 350.4138, "side": "buy", "ts": 1767980937798, "seq": 213}
{"type": "ob_delta", "market": "USDC-NGN", "side": "bid", "price": 1228.02, "size": 1116.758, "ts": 1767980937799, "seq": 214}
{"type": "ob_delta", "market": "USDT-NGN", "side": "bid", "price": 996.22, "size": 537.2845, "ts": 1767980937800, "seq": 215}
{"type": "ob_delta", "market": "USDC-NGN", "side": "bid", "price": 1227.8, "size": 36.9034, "ts": 1767980937801, "seq": 216}
{"type": "ob_delta", "market": "USDC-NGN", "side": "ask", "price": 1229.61, "size": 606.5635, "ts": 1767980937802, "seq": 217}
{"type": "ob_delta", "market": "USDC-NGN", "side": "ask", "price": 1229.67, "size": 665.9087, "ts": 1767980937803, "seq": 218}
{"type": "ob_delta", "market": "USDC-NGN", "side": "bid", "price": 1227.79, "size": 610.8303, "ts": 1767980937804, "seq": 219}
{"type": "ob_delta", "market": "USDC-NGN", "side": "bid", "price": 1227.83, "size": 879.809, "ts": 1767980937805, "seq": 220}
{"type": "ob_delta", "market": "USDT-NGN", "side": "bid", "price": 996.4, "size": 1152.3309, "ts": 1767980937806, "seq": 221}
{"type": "ob_delta", "market": "USDC-NGN", "side": "bid", "price": 1228.07, "size": 211.4728, "ts": 1767980937807, "seq": 222}
{"type": "trade", "market": "USDT-NGN", "tradeId": "t_usdtngn_223", "price": 997.11, "size": 80.8082, "side": "buy", "ts": 1767980937808, "seq": 223}
{"type": "ob_delta", "market": "USDC-NGN", "side": "ask", "price": 1229.33, "size": 737.9942, "ts": 1767980937809, "seq": 224}
{"type": "ob_delta", "market": "USDC-NGN", "side": "ask", "price": 1229.21, "size": 1838.7576, "ts": 1767980937810, "seq": 225}
{"type": "ob_delta", "market": "USDC-NGN", "side": "bid", "price": 1228.17, "size": 0, "ts": 1767980937811, "seq": 226}
{"type": "ob_delta", "market": "USDC-NGN", "side": "bid", "price": 1228.13, "size": 627.1748, "ts": 1767980937812, "seq": 227}
{"type": "ob_delta", "market": "USDT-NGN", "side": "ask", "price": 997.94, "size": 846.1072, "ts": 1767980937813, "seq": 228}
{"type": "trade", "market": "USDC-NGN", "tradeId": "t_usdcngn_229", "price": 1228.4, "size": 497.9076, "side": "buy", "ts": 1767980937814, "seq": 229}
{"type": "trade", "market": "USDT-NGN", "tradeId": "t_usdtngn_230", "price": 997.3, "size": 461.6266, "side": "buy", "ts": 1767980937815, "seq": 230}
{"type": "trade", "market": "USDC-NGN", "tradeId": "t_usdcngn_231", "price": 1228.55, "size": 239.8839, "side": "sell", "ts": 1767980937816, "seq": 231}
{"type": "trade", "market": "USDT-NGN", "tradeId": "t_usdtngn_232", "price": 996.93, "size": 201.7422, "side": "buy", "ts": 1767980937817, "seq": 232}
{"type": "ob_delta", "market": "USDC-NGN", "side": "bid", "price": 1228.03, "size": 524.9367, "ts": 1767980937818, "seq": 233}
{"type": "ob_delta", "market": "USDC-NGN", "side": "ask", "price": 1229.58, "size": 823.9619, "ts": 1767980937819, "seq": 234}
{"type": "ob_delta", "market": "USDC-NGN", "side": "ask", "price": 1229.66, "size": 686.9317, "ts": 1767980937820, "seq": 235}
{"type": "ob_delta", "market": "USDC-NGN", "side": "bid", "price": 1227.72, "size": 248.916, "ts": 1767980937821, "seq": 236}
{"type": "ob_delta", "market": "USDT-NGN", "side": "bid", "price": 996.09, "size": 407.4685, "ts": 1767980937822, "seq": 237}
{"type": "ob_delta", "market": "USDC-NGN", "side": "ask", "price": 1229.31, "size": 728.9996, "ts": 1767980937823, "seq": 238}
{"type": "ob_delta", "market": "USDC-NGN", "side": "ask", "price": 1229.33, "size": 1024.2291, "ts": 1767980937824, "seq": 239}
{"type": "ob_delta", "market": "USDT-NGN", "side": "ask", "price": 997.54, "size": 1041.9708, "ts": 1767980937825, "seq": 240}
{"type": "ob_delta", "market": "USDC-NGN", "side": "bid", "price": 1227.7, "size": 728.6849, "ts": 1767980937826, "seq": 241}
{"type": "trade", "market": "USDC-NGN", "tradeId": "t_usdcngn_242", "price": 1228.88, "size": 481.4714, "side": "buy", "ts": 1767980937827, "seq": 242}
{"type": "trade", "market": "USDC-NGN", "tradeId": "t_usdcngn_243", "price": 1228.82, "size": 314.9009, "side": "sell", "ts": 1767980937828, "seq": 243}
{"type": "ob_delta", "market": "USDT-NGN", "side": "bid", "price": 996.39, "size": 725.0407, "ts": 1767980937829, "seq": 244}
{"type": "trade", "market": "USDC-NGN", "tradeId": "t_usdcngn_245", "price": 1228.64, "size": 389.9783, "side": "buy", "ts": 1767980937830, "seq": 245}
{"type": "trade", "market": "USDT-NGN", "tradeId": "t_usdtngn_246", "price": 997.42, "size": 162.0575, "side": "sell", "ts": 1767980937831, "seq": 246}
{"type": "trade", "market": "USDT-NGN", "tradeId": "t_usdtngn_247", "price": 996.56, "size": 166.8766, "side": "sell", "ts": 1767980937832, "seq": 247}
{"type": "trade", "market": "USDT-NGN", "tradeId": "t_usdtngn_248", "price": 996.93, "size": 425.9909, "side": "sell", "ts": 1767980937833, "seq": 248}
{"type": "ob_delta", "market": "USDT-NGN", "side": "bid", "price": 996.19, "size": 917.002, "ts": 1767980937834, "seq": 249}
{"type": "ob_delta", "market": "USDT-NGN", "side": "bid", "price": 996.37, "size": 117.5087, "ts": 1767980937835, "seq": 250}
{"type": "ob_delta", "market": "USDT-NGN", "side": "bid", "price": 996.13, "size": 0, "ts": 1767980937836, "seq": 251}
{"type": "trade", "market": "USDT-NGN", "tradeId": "t_usdtngn_252", "price": 997.29, "size": 346.5403, "side": "buy", "ts": 1767980937837, "seq": 252}
{"type": "ob_delta", "market": "USDT-NGN", "side": "bid", "price": 996.38, "size": 161.7993, "ts": 1767980937838, "seq": 253}
{"type": "ob_delta", "market": "USDT-NGN", "side": "bid", "price": 996.31, "size": 0, "ts": 1767980937839, "seq": 254}
{"type": "ob_delta", "market": "USDC-NGN", "side": "bid", "price": 1228.16, "size": 0, "ts": 1767980937840, "seq": 255}
{"type": "trade", "market": "USDC-NGN", "tradeId": "t_usdcngn_256", "price": 1228.27, "size": 322.159, "side": "buy", "ts": 1767980937841, "seq": 256}
{"type": "ob_delta", "market": "USDT-NGN", "side": "ask", "price": 997.97, "size": 574.8134, "ts": 1767980937842, "seq": 257}
{"type": "ob_delta", "market": "USDC-NGN", "side": "ask", "price": 1229.46, "size": 380.2701, "ts": 1767980937843, "seq": 258}
{"type": "trade", "market": "USDT-NGN", "tradeId": "t_usdtngn_259", "price": 997.32, "size": 369.424, "side": "buy", "ts": 1767980937844, "seq": 259}
{"type": "ob_delta", "market": "USDC-NGN", "side": "ask", "price": 1229.19, "size": 1168.2504, "ts": 1767980937845, "seq": 260}
{"type": "ob_delta", "market": "USDT-NGN", "side": "bid", "price": 996.31, "size": 202.3972, "ts": 1767980937846, "seq": 261}
{"type": "ob_delta", "market": "USDT-NGN", "side": "ask", "price": 997.78, "size": 0, "ts": 1767980937847, "seq": 262}
{"type": "trade", "market": "USDT-NGN", "tradeId": "t_usdtngn_263", "price": 996.64, "size": 193.1457, "side": "buy", "ts": 1767980937848, "seq": 263}
{"type": "ob_delta", "market": "USDC-NGN", "side": "bid", "price": 1227.69, "size": 209.9455, "ts": 1767980937849, "seq": 264}
{"type": "trade", "market": "USDT-NGN", "tradeId": "t_usdtngn_265", "price": 996.65, "size": 459.77, "side": "buy", "ts": 1767980937850, "seq": 265}
{"type": "trade", "market": "USDC-NGN", "tradeId": "t_usdcngn_266", "price": 1228.32, "size": 215.2376, "side": "sell", "ts": 1767980937851, "seq": 266}
{"type": "ob_delta", "market": "USDT-NGN", "side": "ask", "price": 997.69, "size": 0, "ts": 1767980937852, "seq": 267}
{"type": "ob_delta", "market": "USDT-NGN", "side": "ask", "price": 997.87, "size": 113.5079, "ts": 1767980937853, "seq": 268}
{"type": "trade", "market": "USDT-NGN", "tradeId": "t_usdtngn_269", "price": 996.84, "size": 14.7595, "side": "buy", "ts": 1767980937854, "seq": 269}
{"type": "ob_delta", "market": "USDC-NGN", "side": "bid", "price": 1227.7, "size": 680.8768, "ts": 1767980937855, "seq": 270}
{"type": "ob_delta", "market": "USDT-NGN", "side": "ask", "price": 997.86, "size": 804.4455, "ts": 1767980937856, "seq": 271}
{"type": "ob_delta", "market": "USDC-NGN", "side": "ask", "price": 1229.42, "size": 1287.1732, "ts": 1767980937857, "seq": 272}
{"type": "trade", "market": "USDC-NGN", "tradeId": "t_usdcngn_273", "price": 1228.65, "size": 403.8885, "side": "buy", "ts": 1767980937858, "seq": 273}
{"type": "ob_delta", "market": "USDT-NGN", "side": "bid", "price": 996.06, "size": 478.6809, "ts": 1767980937859, "seq": 274}
{"type": "trade", "market": "USDT-NGN", "tradeId": "t_usdtngn_275", "price": 997.37, "size": 176.8164, "side": "buy", "ts": 1767980937860, "seq": 275}
{"type": "trade", "market": "USDC-NGN", "tradeId": "t_usdcngn_276", "price": 1228.48, "size": 164.7174, "side": "buy", "ts": 1767980937861, "seq": 276}
{"type": "trade", "market": "USDT-NGN", "tradeId": "t_usdtngn_277", "price": 996.95, "size": 469.9125, "side": "buy", "ts": 1767980937862, "seq": 277}
{"type": "trade", "market": "USDT-NGN", "tradeId": "usdtngn_66", "price": 996.68, "size": 498.6, "side": "sell", "ts": 1767980937863, "seq": 278}
{"type": "ob_delta", "market": "USDC-NGN", "side": "ask", "price": 1229.55, "size": 0, "ts": 1767980937864, "seq": 279}
{"type": "ob_delta", "market": "USDC-NGN", "side": "bid", "price": 1227.98, "size": 378.1031, "ts": 1767980937865, "seq": 280}
{"type": "ob_delta", "market": "USDC-NGN", "side": "bid", "price": 1227.99, "size": 1293.2016, "ts": 1767980937866, "seq": 281}
{"type": "ob_delta", "market": "USDC-NGN", "side": "bid", "price": 1228.03, "size": 434.0361, "ts": 1767980937867, "seq": 282}
{"type": "trade", "market": "USDT-NGN", "tradeId": "t_usdtngn_283", "price": 996.71, "size": 131.5983, "side": "buy", "ts": 1767980937868, "seq": 283}
{"type": "trade", "market": "USDC-NGN", "tradeId": "t_usdcngn_284", "price": 1228.84, "size": 484.5381, "side": "buy", "ts": 1767980937869, "seq": 284}
{"type": "ob_delta", "market": "USDC-NGN", "side": "ask", "price": 1229.18, "size": 0, "ts": 1767980937870, "seq": 285}
{"type": "ob_delta", "market": "USDC-NGN", "side": "bid", "price": 1228.08, "size": 0, "ts": 1767980937871, "seq": 286}
{"type": "ob_delta", "market": "USDC-NGN", "side": "ask", "price": 1229.25, "size": 226.0344, "ts": 1767980937872, "seq": 287}
{"type": "trade", "market": "USDT-NGN", "tradeId": "t_usdtngn_288", "price": 996.63, "size": 263.6734, "side": "buy", "ts": 1767980937873, "seq": 288}
{"type": "ob_delta", "market": "USDC-NGN", "side": "ask", "price": 1229.4, "size": 1271.4353, "ts": 1767980937874, "seq": 289}
{"type": "ob_delta", "market": "USDT-NGN", "side": "ask", "price": 997.99, "size": 329.9486, "ts": 1767980937875, "seq": 290}
{"type": "trade", "market": "USDT-NGN", "tradeId": "t_usdtngn_291", "price": 997.36, "size": 465.7283, "side": "sell", "ts": 1767980937876, "seq": 291}
{"type": "trade", "market": "USDT-NGN", "tradeId": "t_usdtngn_292", "price": 996.97, "size": 493.8701, "side": "sell", "ts": 1767980937877, "seq": 292}
{"type": "ob_delta", "market": "USDC-NGN", "side": "bid", "price": 1228.14, "size": 0, "ts": 1767980937878, "seq": 293}
{"type": "ob_delta", "market": "USDT-NGN", "side": "ask", "price": 997.85, "size": 14.3539, "ts": 1767980937879, "seq": 294}
{"type": "ob_delta", "market": "USDT-NGN", "side": "ask", "price": 997.78, "size": 0, "ts": 1767980937880, "seq": 295}
{"type": "ob_delta", "market": "USDT-NGN", "side": "ask", "price": 997.78, "size": 0, "ts": 1767980937881, "seq": 296}
{"type": "ob_delta", "market": "USDT-NGN", "side": "ask", "price": 997.59, "size": 346.6708, "ts": 1767980937882, "seq": 297}
{"type": "ob_delta", "market": "USDC-NGN", "side": "ask", "price": 1229.24, "size": 161.0104, "ts": 1767980937883, "seq": 298}
{"type": "trade", "market": "USDT-NGN", "tradeId": "t_usdtngn_299", "price": 996.72, "size": 109.7261, "side": "sell", "ts": 1767980937884, "seq": 299}
{"type": "trade", "market": "USDC-NGN", "tradeId": "t_usdcngn_300", "price": 1228.97, "size": 8.2031, "side": "buy", "ts": 1767980937885, "seq": 300}
{"type": "trade", "market": "USDC-NGN", "tradeId": "t_usdcngn_301", "price": 1228.59, "size": 216.8478, "side": "buy", "ts": 1767980937886, "seq": 301}
{"type": "trade", "market": "USDT-NGN", "tradeId": "t_usdtngn_302", "price": 996.71, "size": 321.0345, "side": "buy", "ts": 1767980937887, "seq": 302}
{"type": "ob_delta", "market": "USDC-NGN", "side": "bid", "price": 1227.7, "size": 0, "ts": 1767980937888, "seq": 303}
{"type": "trade", "market": "USDT-NGN", "tradeId": "t_usdtngn_304", "price": 997.16, "size": 441.5781, "side": "sell", "ts": 1767980937889, "seq": 304}
{"type": "trade", "market": "USDC-NGN", "tradeId": "t_usdcngn_305", "price": 1229.11, "size": 383.048, "side": "buy", "ts": 1767980937890, "seq": 305}
{"type": "trade", "market": "USDC-NGN", "tradeId": "t_usdcngn_306", "price": 1228.9, "size": 445.723, "side": "buy", "ts": 1767980937891, "seq": 306}
{"type": "trade", "market": "USDT-NGN", "tradeId": "t_usdtngn_307", "price": 997.43, "size": 83.088, "side": "buy", "ts": 1767980937892, "seq": 307}
{"type": "ob_delta", "market": "USDC-NGN", "side": "bid", "price": 1227.85, "size": 1174.1904, "ts": 1767980937893, "seq": 308}
{"type": "ob_delta", "market": "USDC-NGN", "side": "ask", "price": 1229.31, "size": 583.8916, "ts": 1767980937894, "seq": 309}
{"type": "trade", "market": "USDC-NGN", "tradeId": "t_usdcngn_310", "price": 1228.94, "size": 459.9879, "side": "buy", "ts": 1767980937895, "seq": 310}
{"type": "ob_delta", "market": "USDT-NGN", "side": "ask", "price": 997.73, "size": 0, "ts": 1767980937896, "seq": 311}
{"type": "trade", "market": "USDT-NGN", "tradeId": "t_usdtngn_312", "price": 997.24, "size": 344.5395, "side": "sell", "ts": 1767980937897, "seq": 312}
{"type": "trade", "market": "USDC-NGN", "tradeId": "t_usdcngn_313", "price": 1228.38, "size": 124.9723, "side": "sell", "ts": 1767980937898, "seq": 313}
{"type": "ob_delta", "market": "USDT-NGN", "side": "ask", "price": 997.87, "size": 0, "ts": 1767980937899, "seq": 314}
{"type": "ob_delta", "market": "USDT-NGN", "side": "bid", "price": 996.13, "size": 241.084, "ts": 1767980937900, "seq": 315}
{"type": "ob_delta", "market": "USDC-NGN", "side": "ask", "price": 1229.2, "size": 823.6401, "ts": 1767980937901, "seq": 316}
{"type": "ob_delta", "market": "USDT-NGN", "side": "ask", "price": 997.91, "size": 1595.775, "ts": 1767980937902, "seq": 317}
{"type": "ob_delta", "market": "USDT-NGN", "side": "bid", "price": 996.38, "size": 0, "ts": 1767980937903, "seq": 318}
{"type": "ob_delta", "market": "USDC-NGN", "side": "ask", "price": 1229.24, "size": 0, "ts": 1767980937904, "seq": 319}
{"type": "ob_delta", "market": "USDT-NGN", "side": "ask", "price": 997.69, "size": 23.8923, "ts": 1767980937905, "seq": 320}
{"type": "trade", "market": "USDC-NGN", "tradeId": "t_usdcngn_321", "price": 1228.32, "size": 203.3274, "side": "buy", "ts": 1767980937906, "seq": 321}
{"type": "ob_delta", "market": "USDT-NGN", "side": "ask", "price": 997.75, "size": 846.3317, "ts": 1767980937907, "seq": 322}
{"type": "trade", "market": "USDC-NGN", "tradeId": "t_usdcngn_323", "price": 1229.14, "size": 113.0385, "side": "buy", "ts": 1767980937908, "seq": 323}
{"type": "ob_delta", "market": "USDC-NGN", "side": "ask", "price": 1229.4, "size": 1514.1358, "ts": 1767980937909, "seq": 324}
{"type": "ob_delta", "market": "USDT-NGN", "side": "bid", "price": 996.08, "size": 1307.474, "ts": 1767980937910, "seq": 325}
{"type": "ob_delta", "market": "USDT-NGN", "side": "bid", "price": 996.07, "size": 409.4047, "ts": 1767980937911, "seq": 326}
{"type": "ob_delta", "market": "USDC-NGN", "side": "ask", "price": 1229.41, "size": 32.9478, "ts": 1767980937912, "seq": 327}
{"type": "ob_delta", "market": "USDC-NGN", "side": "bid", "price": 1228.12, "size": 0, "ts": 1767980937913, "seq": 328}
{"type": "ob_delta", "market": "USDT-NGN", "side": "ask", "price": 997.62, "size": 0, "ts": 1767980937914, "seq": 329}
{"type": "ob_delta", "market": "USDT-NGN", "side": "ask", "price": 997.68, "size": 443.3362, "ts": 1767980937915, "seq": 330}
{"type": "ob_delta", "market": "USDT-NGN", "side": "bid", "price": 996.51, "size": 0, "ts": 1767980937916, "seq": 331}
{"type": "trade", "market": "USDT-NGN", "tradeId": "t_usdtngn_332", "price": 996.87, "size": 34.2444, "side": "sell", "ts": 1767980937917, "seq": 332}
{"type": "ob_delta", "market": "USDC-NGN", "side": "ask", "price": 1229.3, "size": 0, "ts": 1767980937918, "seq": 333}
{"type": "ob_delta", "market": "USDC-NGN", "side": "ask", "price": 1229.44, "size": 1337.6578, "ts": 1767980937919, "seq": 334}
{"type": "ob_delta", "market": "USDT-NGN", "side": "ask", "price": 997.62, "size": 0, "ts": 1767980937920, "seq": 335}
{"type": "ob_delta", "market": "USDT-NGN", "side": "bid", "price": 996.35, "size": 944.9404, "ts": 1767980937921, "seq": 336}
{"type": "ob_delta", "market": "USDT-NGN", "side": "bid", "price": 996.06, "size": 690.9673, "ts": 1767980937922, "seq": 337}
{"type": "ob_delta", "market": "USDT-NGN", "side": "bid", "price": 996.14, "size": 0, "ts": 1767980937923, "seq": 338}
{"type": "ob_delta", "market": "USDT-NGN", "side": "bid", "price": 996.24, "size": 0, "ts": 1767980937924, "seq": 339}
{"type": "ob_delta", "market": "USDC-NGN", "side": "ask", "price": 1229.57, "size": 0, "ts": 1767980937925, "seq": 340}
{"type": "ob_delta", "market": "USDC-NGN", "side": "bid", "price": 1227.94, "size": 135.3643, "ts": 1767980937926, "seq": 341}
{"type": "trade", "market": "USDC-NGN", "tradeId": "t_usdcngn_342", "price": 1228.6, "size": 190.9431, "side": "buy", "ts": 1767980937927, "seq": 342}
{"type": "ob_delta", "market": "USDT-NGN", "side": "bid", "price": 996.45, "size": 231.8764, "ts": 1767980937928, "seq": 343}
{"type": "trade", "market": "USDT-NGN", "tradeId": "t_usdtngn_344", "price": 997.33, "size": 432.8533, "side": "sell", "ts": 1767980937929, "seq": 344}
{"type": "ob_delta", "market": "USDC-NGN", "side": "bid", "price": 1227.93, "size": 90.4141, "ts": 1767980937930, "seq": 345}
{"type": "trade", "market": "USDT-NGN", "tradeId": "t_usdtngn_346", "price": 997.2, "size": 239.9686, "side": "sell", "ts": 1767980937931, "seq": 346}
{"type": "ob_delta", "market": "USDT-NGN", "side": "ask", "price": 998.01, "size": 298.4949, "ts": 1767980937932, "seq": 347}
{"type": "trade", "market": "USDC-NGN", "tradeId": "t_usdcngn_348", "price": 1228.88, "size": 204.1081, "side": "sell", "ts": 1767980937933, "seq": 348}
{"type": "trade", "market": "USDC-NGN", "tradeId": "t_usdcngn_349", "price": 1228.26, "size": 208.9114, "side": "buy", "ts": 1767980937934, "seq": 349}
{"type": "ob_delta", "market": "USDT-NGN", "side": "ask", "price": 997.78, "size": 197.5262, "ts": 1767980937935, "seq": 350}
{"type": "ob_delta", "market": "USDT-NGN", "side": "ask", "price": 997.9, "size": 452.2952, "ts": 1767980937936, "seq": 351}
{"type": "ob_delta", "market": "USDT-NGN", "side": "bid", "price": 996.37, "size": 112.8409, "ts": 1767980937937, "seq": 352}
{"type": "ob_delta", "market": "USDC-NGN", "side": "bid", "price": 1228.01, "size": 96.8088, "ts": 1767980937938, "seq": 353}
{"type": "trade", "market": "USDC-NGN", "tradeId": "t_usdcngn_354", "price": 1228.91, "size": 146.3854, "side": "sell", "ts": 1767980937939, "seq": 354}
{"type": "ob_delta", "market": "USDC-NGN", "side": "ask", "price": 1229.21, "size": 1964.4925, "ts": 1767980937940, "seq": 355}
{"type": "trade", "market": "USDC-NGN", "tradeId": "t_usdcngn_356", "price": 1228.63, "size": 425.6669, "side": "buy", "ts": 1767980937941, "seq": 356}
{"type": "trade", "market": "USDT-NGN", "tradeId": "t_usdtngn_357", "price": 996.56, "size": 372.3126, "side": "sell", "ts": 1767980937942, "seq": 357}
{"type": "ob_delta", "market": "USDC-NGN", "side": "ask", "price": 1229.31, "size": 675.48, "ts": 1767980937943, "seq": 358}
{"type": "ob_delta", "market": "USDT-NGN", "side": "bid", "price": 996.13, "size": 0, "ts": 1767980937944, "seq": 359}
{"type": "trade", "market": "USDT-NGN", "tradeId": "t_usdtngn_360", "price": 997.46, "size": 188.2252, "side": "sell", "ts": 1767980937945, "seq": 360}
{"type": "trade", "market": "USDT-NGN", "tradeId": "t_usdtngn_361", "price": 996.75, "size": 72.1435, "side": "sell", "ts": 1767980937946, "seq": 361}
{"type": "ob_delta", "market": "USDT-NGN", "side": "ask", "price": 997.8, "size": 0, "ts": 1767980937947, "seq": 362}
{"type": "ob_delta", "market": "USDT-NGN", "side": "ask", "price": 997.85, "size": 0, "ts": 1767980937948, "seq": 363}
{"type": "trade", "market": "USDC-NGN", "tradeId": "t_usdcngn_364", "price": 1228.33, "size": 44.7221, "side": "sell", "ts": 1767980937949, "seq": 364}
{"type": "ob_delta", "market": "USDC-NGN", "side": "ask", "price": 1229.48, "size": 0, "ts": 1767980937950, "seq": 365}
{"type": "trade", "market": "USDT-NGN", "tradeId": "t_usdtngn_366", "price": 997.13, "size": 361.7615, "side": "buy", "ts": 1767980937951, "seq": 366}
{"type": "ob_delta", "market": "USDT-NGN", "side": "bid", "price": 996.21, "size": 0, "ts": 1767980937952, "seq": 367}
{"type": "ob_delta", "market": "USDC-NGN", "side": "ask", "price": 1229.51, "size": 883.2797, "ts": 1767980937953, "seq": 368}
{"type": "ob_delta", "market": "USDT-NGN", "side": "bid", "price": 996.15, "size": 0, "ts": 1767980937954, "seq": 369}
{"type": "ob_delta", "market": "USDC-NGN", "side": "bid", "price": 1227.72, "size": 729.0086, "ts": 1767980937955, "seq": 370}
{"type": "ob_delta", "market": "USDC-NGN", "side": "ask", "price": 1229.59, "size": 810.0688, "ts": 1767980937956, "seq": 371}
{"type": "trade", "market": "USDT-NGN", "tradeId": "t_usdtngn_372", "price": 997.24, "size": 399.0576, "side": "sell", "ts": 1767980937957, "seq": 372}
{"type": "ob_delta", "market": "USDC-NGN", "side": "bid", "price": 1227.82, "size": 803.514, "ts": 1767980937958, "seq": 373}
{"type": "trade", "market": "USDT-NGN", "tradeId": "t_usdtngn_374", "price": 997.36, "size": 322.0501, "side": "buy", "ts": 1767980937959, "seq": 374}
{"type": "ob_delta", "market": "USDC-NGN", "side": "ask", "price": 1229.28, "size": 417.3734, "ts": 1767980937960, "seq": 375}
{"type": "ob_delta", "market": "USDC-NGN", "side": "ask", "price": 1229.66, "size": 402.4383, "ts": 1767980937961, "seq": 376}
{"type": "trade", "market": "USDT-NGN", "tradeId": "t_usdtngn_377", "price": 996.93, "size": 359.6597, "side": "sell", "ts": 1767980937962, "seq": 377}
{"type": "ob_delta", "market": "USDC-NGN", "side": "bid", "price": 1228.05, "size": 0, "ts": 1767980937963, "seq": 378}
{"type": "ob_delta", "market": "USDT-NGN", "side": "bid", "price": 996.43, "size": 279.363, "ts": 1767980937964, "seq": 379}
{"type": "ob_delta", "market": "USDC-NGN", "side": "bid", "price": 1227.89, "size": 717.5378, "ts": 1767980937965, "seq": 380}
{"type": "ob_delta", "market": "USDC-NGN", "side": "bid", "price": 1227.73, "size": 488.0291, "ts": 1767980937966, "seq": 381}
{"type": "ob_delta", "market": "USDC-NGN", "side": "bid", "price": 1227.7, "size": 0, "ts": 1767980937967, "seq": 382}
{"type": "trade", "market": "USDT-NGN", "tradeId": "t_usdtngn_383", "price": 996.69, "size": 28.5375, "side": "sell", "ts": 1767980937968, "seq": 383}
{"type": "trade", "market": "USDT-NGN", "tradeId": "t_usdtngn_384", "price": 996.68, "size": 195.4023, "side": "sell", "ts": 1767980937969, "seq": 384}
{"type": "ob_delta", "market": "USDT-NGN", "side": "ask", "price": 997.6, "size": 0, "ts": 1767980937970, "seq": 385}
{"type": "trade", "market": "USDT-NGN", "tradeId": "t_usdtngn_386", "price": 997.27, "size": 293.0908, "side": "sell", "ts": 1767980937971, "seq": 386}
{"type": "ob_delta", "market": "USDC-NGN", "side": "bid", "price": 1227.87, "size": 690.3336, "ts": 1767980937972, "seq": 387}
{"type": "ob_delta", "market": "USDT-NGN", "side": "bid", "price": 996.14, "size": 0, "ts": 1767980937973, "seq": 388}
{"type": "ob_delta", "market": "USDT-NGN", "side": "bid", "price": 996.28, "size": 871.3876, "ts": 1767980937974, "seq": 389}
{"type": "ob_delta", "market": "USDC-NGN", "side": "bid", "price": 1228.17, "size": 0, "ts": 1767980937975, "seq": 390}
{"type": "ob_delta", "market": "USDT-NGN", "side": "bid", "price": 996.12, "size": 0, "ts": 1767980937976, "seq": 391}
{"type": "ob_delta", "market": "USDT-NGN", "side": "ask", "price": 997.89, "size": 535.4998, "ts": 1767980937977, "seq": 392}
{"type": "ob_delta", "market": "USDT-NGN", "side": "bid", "price": 996.46, "size": 257.9351, "ts": 1767980937978, "seq": 393}
{"type": "ob_delta", "market": "USDT-NGN", "side": "bid", "price": 996.31, "size": 466.4043, "ts": 1767980937979, "seq": 394}
{"type": "ob_delta", "market": "USDT-NGN", "side": "ask", "price": 997.91, "size": 1364.6909, "ts": 1767980937980, "seq": 395}
{"type": "ob_delta", "market": "USDT-NGN", "side": "bid", "price": 996.2, "size": 407.3415, "ts": 1767980937981, "seq": 396}
{"type": "ob_delta", "market": "USDC-NGN", "side": "ask", "price": 1229.56, "size": 732.1904, "ts": 1767980937982, "seq": 397}
{"type": "ob_delta", "market": "USDT-NGN", "side": "bid", "price": 996.23, "size": 239.498, "ts": 1767980937983, "seq": 398}
{"type": "ob_delta", "market": "USDT-NGN", "side": "ask", "price": 997.61, "size": 742.8024, "ts": 1767980937984, "seq": 399}
{"type": "trade", "market": "USDT-NGN", "tradeId": "t_usdtngn_400", "price": 996.85, "size": 184.7637, "side": "buy", "ts": 1767980937985, "seq": 400}
{"type": "ob_delta", "market": "USDT-NGN", "side": "ask", "price": 997.74, "size": 0, "ts": 1767980937986, "seq": 401}
{"type": "ob_delta", "market": "USDC-NGN", "side": "bid", "price": 1227.89, "size": 614.399, "ts": 1767980937987, "seq": 402}
{"type": "ob_delta", "market": "USDT-NGN", "side": "ask", "price": 997.94, "size": 990.3653, "ts": 1767980937988, "seq": 403}
{"type": "ob_delta", "market": "USDC-NGN", "side": "ask", "price": 1229.34, "size": 347.9334, "ts": 1767980937989, "seq": 404}
{"type": "ob_delta", "market": "USDC-NGN", "side": "bid", "price": 1228.12, "size": 0, "ts": 1767980937990, "seq": 405}
{"type": "trade", "market": "USDT-NGN", "tradeId": "t_usdtngn_406", "price": 996.63, "size": 250.3336, "side": "sell", "ts": 1767980937991, "seq": 406}
{"type": "trade", "market": "USDC-NGN", "tradeId": "t_usdcngn_407", "price": 1228.94, "size": 423.1953, "side": "sell", "ts": 1767980937992, "seq": 407}
{"type": "trade", "market": "USDT-NGN", "tradeId": "t_usdtngn_408", "price": 996.8, "size": 377.9856, "side": "buy", "ts": 1767980937993, "seq": 408}
{"type": "trade", "market": "USDC-NGN", "tradeId": "usdcngn_85", "price": 1228.97, "size": 189.0643, "side": "buy", "ts": 1767980937994, "seq": 409}
{"type": "trade", "market": "USDC-NGN", "tradeId": "t_usdcngn_410", "price": 1229.14, "size": 480.354, "side": "sell", "ts": 1767980937995, "seq": 410}
{"type": "ob_delta", "market": "USDC-NGN", "side": "bid", "price": 1227.87, "size": 814.3846, "ts": 1767980937996, "seq": 411}
{"type": "trade", "market": "USDT-NGN", "tradeId": "t_usdtngn_412", "price": 997.48, "size": 344.3243, "side": "sell", "ts": 1767980937997, "seq": 412}
{"type": "ob_delta", "market": "USDC-NGN", "side": "bid", "price": 1227.83, "size": 647.8522, "ts": 1767980937998, "seq": 413}
{"type": "ob_delta", "market": "USDC-NGN", "side": "bid", "price": 1227.9, "size": 1096.5944, "ts": 1767980937999, "seq": 414}
{"type": "trade", "market": "USDT-NGN", "tradeId": "usdtngn_53", "price": 997.04, "size": 364.8067, "side": "buy", "ts": 1767980938000, "seq": 415}
{"type": "ob_delta", "market": "USDC-NGN", "side": "bid", "price": 1227.87, "size": 1131.4151, "ts": 1767980938001, "seq": 416}
{"type": "ob_delta", "market": "USDT-NGN", "side": "bid", "price": 996.27, "size": 627.3618, "ts": 1767980938002, "seq": 417}
{"type": "ob_delta", "market": "USDT-NGN", "side": "ask", "price": 998.0, "size": 0, "ts": 1767980938003, "seq": 418}
{"type": "ob_delta", "market": "USDT-NGN", "side": "bid", "price": 996.16, "size": 859.0016, "ts": 1767980938004, "seq": 419}
{"type": "ob_delta", "market": "USDC-NGN", "side": "ask", "price": 1229.67, "size": 694.8552, "ts": 1767980938005, "seq": 420}
{"type": "ob_delta", "market": "USDC-NGN", "side": "bid", "price": 1227.76, "size": 601.4416, "ts": 1767980938006, "seq": 421}
{"type": "ob_delta", "market": "USDT-NGN", "side": "ask", "price": 997.74, "size": 316.0059, "ts": 1767980938007, "seq": 422}
{"type": "trade", "market": "USDT-NGN", "tradeId": "t_usdtngn_423", "price": 996.56, "size": 155.9266, "side": "sell", "ts": 1767980938008, "seq": 423}
{"type": "trade", "market": "USDT-NGN", "tradeId": "t_usdtngn_424", "price": 996.89, "size": 262.1039, "side": "sell", "ts": 1767980938009, "seq": 424}
{"type": "trade", "market": "USDC-NGN", "tradeId": "t_usdcngn_425", "price": 1228.76, "size": 191.8215, "side": "buy", "ts": 1767980938010, "seq": 425}
{"type": "ob_delta", "market": "USDC-NGN", "side": "ask", "price": 1229.47, "size": 251.2572, "ts": 1767980938011, "seq": 426}
{"type": "trade", "market": "USDT-NGN", "tradeId": "t_usdtngn_427", "price": 997.45, "size": 240.4087, "side": "sell", "ts": 1767980938012, "seq": 427}
{"type": "trade", "market": "USDT-NGN", "tradeId": "t_usdtngn_428", "price": 996.61, "size": 68.8158, "side": "sell", "ts": 1767980938013, "seq": 428}
{"type": "trade", "market": "USDC-NGN", "tradeId": "t_usdcngn_429", "price": 1228.74, "size": 378.2492, "side": "sell", "ts": 1767980938014, "seq": 429}
{"type": "trade", "market": "USDT-NGN", "tradeId": "t_usdtngn_430", "price": 996.84, "size": 334.5092, "side": "buy", "ts": 1767980938015, "seq": 430}
{"type": "ob_delta", "market": "USDT-NGN", "side": "ask", "price": 997.95, "size": 260.1697, "ts": 1767980938016, "seq": 431}
{"type": "ob_delta", "market": "USDT-NGN", "side": "bid", "price": 996.08, "size": 1362.7935, "ts": 1767980938017, "seq": 432}
{"type": "ob_delta", "market": "USDC-NGN", "side": "ask", "price": 1229.51, "size": 0, "ts": 1767980938018, "seq": 433}
{"type": "ob_delta", "market": "USDT-NGN", "side": "bid", "price": 996.22, "size": 623.7713, "ts": 1767980938019, "seq": 434}
{"type": "ob_delta", "market": "USDC-NGN", "side": "ask", "price": 1229.59, "size": 1083.8879, "ts": 1767980938020, "seq": 435}
{"type": "ob_delta", "market": "USDT-NGN", "side": "bid", "price": 996.05, "size": 860.7933, "ts": 1767980938021, "seq": 436}
{"type": "ob_delta", "market": "USDT-NGN", "side": "ask", "price": 997.64, "size": 951.7053, "ts": 1767980938022, "seq": 437}
{"type": "ob_delta", "market": "USDT-NGN", "side": "ask", "price": 997.67, "size": 670.3596, "ts": 1767980938023, "seq": 438}
{"type": "trade", "market": "USDC-NGN", "tradeId": "t_usdcngn_439", "price": 1228.91, "size": 205.536, "side": "buy", "ts": 1767980938024, "seq": 439}
{"type": "ob_delta", "market": "USDT-NGN", "side": "bid", "price": 996.33, "size": 166.6389, "ts": 1767980938025, "seq": 440}
{"type": "trade", "market": "USDC-NGN", "tradeId": "t_usdcngn_441", "price": 1228.16, "size": 366.3784, "side": "buy", "ts": 1767980938026, "seq": 441}
{"type": "trade", "market": "USDT-NGN", "tradeId": "t_usdtngn_442", "price": 996.56, "size": 86.1511, "side": "sell", "ts": 1767980938027, "seq": 442}
{"type": "ob_delta", "market": "USDT-NGN", "side": "ask", "price": 997.73, "size": 0, "ts": 1767980938028, "seq": 443}
{"type": "ob_delta", "market": "USDC-NGN", "side": "bid", "price": 1228.05, "size": 135.772, "ts": 1767980938029, "seq": 444}
{"type": "trade", "market": "USDT-NGN", "tradeId": "t_usdtngn_445", "price": 997.13, "size": 486.4897, "side": "sell", "ts": 1767980938030, "seq": 445}
{"type": "trade", "market": "USDC-NGN", "tradeId": "t_usdcngn_446", "price": 1228.83, "size": 53.8805, "side": "buy", "ts": 1767980938031, "seq": 446}
{"type": "ob_delta", "market": "USDC-NGN", "side": "bid", "price": 1228.12, "size": 0, "ts": 1767980938032, "seq": 447}
{"type": "trade", "market": "USDT-NGN", "tradeId": "t_usdtngn_448", "price": 996.61, "size": 197.4152, "side": "sell", "ts": 1767980938033, "seq": 448}
{"type": "ob_delta", "market": "USDT-NGN", "side": "bid", "price": 996.18, "size": 78.6971, "ts": 1767980938034, "seq": 449}
{"type": "ob_delta", "market": "USDT-NGN", "side": "bid", "price": 996.39, "size": 401.0975, "ts": 1767980938035, "seq": 450}
{"type": "ob_delta", "market": "USDC-NGN", "side": "ask", "price": 1229.54, "size": 1007.2874, "ts": 1767980938036, "seq": 451}
{"type": "ob_delta", "market": "USDC-NGN", "side": "bid", "price": 1227.98, "size": 303.7993, "ts": 1767980938037, "seq": 452}
{"type": "ob_delta", "market": "USDT-NGN", "side": "bid", "price": 996.31, "size": 296.304, "ts": 1767980938038, "seq": 453}
{"type": "ob_delta", "market": "USDT-NGN", "side": "ask", "price": 997.75, "size": 453.6791, "ts": 1767980938039, "seq": 454}
{"type": "ob_delta", "market": "USDT-NGN", "side": "ask", "price": 997.65, "size": 238.3835, "ts": 1767980938040, "seq": 455}
{"type": "ob_delta", "market": "USDC-NGN", "side": "ask", "price": 1229.64, "size": 1115.435, "ts": 1767980938041, "seq": 456}
{"type": "ob_delta", "market": "USDC-NGN", "side": "ask", "price": 1229.67, "size": 543.3656, "ts": 1767980938042, "seq": 457}
{"type": "ob_delta", "market": "USDT-NGN", "side": "ask", "price": 997.55, "size": 1121.3503, "ts": 1767980938043, "seq": 458}
{"type": "ob_delta", "market": "USDT-NGN", "side": "bid", "price": 996.32, "size": 1391.3772, "ts": 1767980938044, "seq": 459}
{"type": "trade", "market": "USDT-NGN", "tradeId": "t_usdtngn_460", "price": 996.87, "size": 88.2516, "side": "sell", "ts": 1767980938045, "seq": 460}
{"type": "trade", "market": "USDC-NGN", "tradeId": "t_usdcngn_461", "price": 1228.31, "size": 490.9845, "side": "buy", "ts": 1767980938046, "seq": 461}
{"type": "ob_delta", "market": "USDC-NGN", "side": "bid", "price": 1227.82, "size": 1296.0704, "ts": 1767980938047, "seq": 462}
{"type": "trade", "market": "USDC-NGN", "tradeId": "t_usdcngn_463", "price": 1228.92, "size": 218.0848, "side": "buy", "ts": 1767980938048, "seq": 463}
{"type": "ob_delta", "market": "USDT-NGN", "side": "bid", "price": 996.05, "size": 1189.8795, "ts": 1767980938049, "seq": 464}
{"type": "ob_delta", "market": "USDT-NGN", "side": "ask", "price": 997.64, "size": 1277.9057, "ts": 1767980938050, "seq": 465}
{"type": "trade", "market": "USDC-NGN", "tradeId": "t_usdcngn_466", "price": 1228.3, "size": 53.8969, "side": "buy", "ts": 1767980938051, "seq": 466}
{"type": "trade", "market": "USDC-NGN", "tradeId": "t_usdcngn_467", "price": 1228.37, "size": 456.759, "side": "sell", "ts": 1767980938052, "seq": 467}
{"type": "trade", "market": "USDT-NGN", "tradeId": "t_usdtngn_468", "price": 996.74, "size": 353.6573, "side": "buy", "ts": 1767980938053, "seq": 468}
{"type": "ob_delta", "market": "USDC-NGN", "side": "bid", "price": 1228.1, "size": 0, "ts": 1767980938054, "seq": 469}
{"type": "ob_delta", "market": "USDT-NGN", "side": "ask", "price": 997.86, "size": 845.082, "ts": 1767980938055, "seq": 470}
{"type": "ob_delta", "market": "USDC-NGN", "side": "bid", "price": 1228.02, "size": 1128.7929, "ts": 1767980938056, "seq": 471}
{"type": "trade", "market": "USDT-NGN", "tradeId": "t_usdtngn_472", "price": 996.72, "size": 495.4338, "side": "buy", "ts": 1767980938057, "seq": 472}
{"type": "ob_delta", "market": "USDC-NGN", "side": "ask", "price": 1229.38, "size": 306.4486, "ts": 1767980938058, "seq": 473}
{"type": "ob_delta", "market": "USDT-NGN", "side": "ask", "price": 997.72, "size": 1088.8742, "ts": 1767980938059, "seq": 474}
{"type": "trade", "market": "USDT-NGN", "tradeId": "t_usdtngn_475", "price": 997.05, "size": 90.8481, "side": "sell", "ts": 1767980938060, "seq": 475}
{"type": "trade", "market": "USDC-NGN", "tradeId": "t_usdcngn_476", "price": 1229.16, "size": 214.1964, "side": "sell", "ts": 1767980938061, "seq": 476}
{"type": "ob_delta", "market": "USDT-NGN", "side": "bid", "price": 996.11, "size": 0, "ts": 1767980938062, "seq": 477}
{"type": "ob_delta", "market": "USDT-NGN", "side": "bid", "price": 996.11, "size": 389.4732, "ts": 1767980938063, "seq": 478}
{"type": "ob_delta", "market": "USDC-NGN", "side": "ask", "price": 1229.46, "size": 521.7053, "ts": 1767980938064, "seq": 479}
{"type": "ob_delta", "market": "USDC-NGN", "side": "ask", "price": 1229.43, "size": 537.5499, "ts": 1767980938065, "seq": 480}
{"type": "trade", "market": "USDT-NGN", "tradeId": "t_usdtngn_481", "price": 997.02, "size": 108.4699, "side": "buy", "ts": 1767980938066, "seq": 481}
{"type": "ob_delta", "market": "USDT-NGN", "side": "bid", "price": 996.42, "size": 122.2429, "ts": 1767980938067, "seq": 482}
{"type": "trade", "market": "USDC-NGN", "tradeId": "t_usdcngn_483", "price": 1229.14, "size": 263.5925, "side": "sell", "ts": 1767980938068, "seq": 483}
{"type": "trade", "market": "USDT-NGN", "tradeId": "usdtngn_90", "price": 996.81, "size": 74.7642, "side": "sell", "ts": 1767980938069, "seq": 484}
{"type": "ob_delta", "market": "USDC-NGN", "side": "bid", "price": 1227.82, "size": 1758.3125, "ts": 1767980938070, "seq": 485}
{"type": "ob_delta", "market": "USDT-NGN", "side": "ask", "price": 997.85, "size": 0, "ts": 1767980938071, "seq": 486}
{"type": "ob_delta", "market": "USDT-NGN", "side": "ask", "price": 997.84, "size": 593.8251, "ts": 1767980938072, "seq": 487}
{"type": "trade", "market": "USDC-NGN", "tradeId": "t_usdcngn_488", "price": 1228.74, "size": 40.3438, "side": "sell", "ts": 1767980938073, "seq": 488}
{"type": "ob_delta", "market": "USDC-NGN", "side": "ask", "price": 1229.47, "size": 238.6118, "ts": 1767980938074, "seq": 489}
{"type": "ob_delta", "market": "USDC-NGN", "side": "bid", "price": 1227.96, "size": 514.7544, "ts": 1767980938075, "seq": 490}
{"type": "trade", "market": "USDC-NGN", "tradeId": "t_usdcngn_491", "price": 1228.4, "size": 313.0951, "side": "buy", "ts": 1767980938076, "seq": 491}
{"type": "ob_delta", "market": "USDC-NGN", "side": "bid", "price": 1227.85, "size": 744.305, "ts": 1767980938077, "seq": 492}
{"type": "ob_delta", "market": "USDC-NGN", "side": "ask", "price": 1229.19, "size": 0, "ts": 1767980938078, "seq": 493}
{"type": "trade", "market": "USDC-NGN", "tradeId": "t_usdcngn_494", "price": 1228.45, "size": 127.8687, "side": "buy", "ts": 1767980938079, "seq": 494}
{"type": "ob_delta", "market": "USDC-NGN", "side": "ask", "price": 1229.36, "size": 158.1565, "ts": 1767980938080, "seq": 495}
{"type": "trade", "market": "USDT-NGN", "tradeId": "t_usdtngn_496", "price": 996.88, "size": 147.2083, "side": "buy", "ts": 1767980938081, "seq": 496}
{"type": "ob_delta", "market": "USDC-NGN", "side": "bid", "price": 1227.98, "size": 624.9507, "ts": 1767980938082, "seq": 497}
{"type": "trade", "market": "USDC-NGN", "tradeId": "t_usdcngn_498", "price": 1228.79, "size": 78.7641, "side": "sell", "ts": 1767980938083, "seq": 498}
{"type": "trade", "market": "USDC-NGN", "tradeId": "t_usdcngn_499", "price": 1228.74, "size": 244.8674, "side": "sell", "ts": 1767980938084, "seq": 499}
{"type": "ob_delta", "market": "USDT-NGN", "side": "bid", "price": 996.12, "size": 372.0334, "ts": 1767980938085, "seq": 500}
{"type": "ob_delta", "market": "USDC-NGN", "side": "ask", "price": 1229.27, "size": 0, "ts": 1767980938086, "seq": 501}
{"type": "trade", "market": "USDC-NGN", "tradeId": "t_usdcngn_502", "price": 1228.7, "size": 275.1925, "side": "buy", "ts": 1767980938087, "seq": 502}
{"type": "ob_delta", "market": "USDT-NGN", "side": "bid", "price": 996.1, "size": 263.2261, "ts": 1767980938088, "seq": 503}
{"type": "ob_delta", "market": "USDC-NGN", "side": "ask", "price": 1229.51, "size": 77.6057, "ts": 1767980938089, "seq": 504}
{"type": "ob_delta", "market": "USDT-NGN", "side": "ask", "price": 997.96, "size": 77.7838, "ts": 1767980938090, "seq": 505}
{"type": "ob_delta", "market": "USDT-NGN", "side": "ask", "price": 997.87, "size": 169.9147, "ts": 1767980938091, "seq": 506}
{"type": "trade", "market": "USDT-NGN", "tradeId": "t_usdtngn_507", "price": 996.71, "size": 183.035, "side": "buy", "ts": 1767980938092, "seq": 507}
{"type": "ob_delta", "market": "USDC-NGN", "side": "ask", "price": 1229.6, "size": 846.9021, "ts": 1767980938093, "seq": 508}
{"type": "trade", "market": "USDC-NGN", "tradeId": "t_usdcngn_509", "price": 1228.22, "size": 381.7607, "side": "buy", "ts": 1767980938094, "seq": 509}
{"type": "ob_delta", "market": "USDC-NGN", "side": "bid", "price": 1227.79, "size": 317.837, "ts": 1767980938095, "seq": 510}
{"type": "ob_delta", "market": "USDC-NGN", "side": "ask", "price": 1229.58, "size": 732.9493, "ts": 1767980938096, "seq": 511}
{"type": "trade", "market": "USDC-NGN", "tradeId": "usdcngn_60", "price": 1228.25, "size": 207.0749, "side": "buy", "ts": 1767980938097, "seq": 512}
{"type": "trade", "market": "USDT-NGN", "tradeId": "t_usdtngn_513", "price": 997.05, "size": 133.0908, "side": "buy", "ts": 1767980938098, "seq": 513}
{"type": "trade", "market": "USDC-NGN", "tradeId": "t_usdcngn_514", "price": 1228.38, "size": 493.5059, "side": "buy", "ts": 1767980938099, "seq": 514}
{"type": "ob_delta", "market": "USDT-NGN", "side": "ask", "price": 997.79, "size": 706.0294, "ts": 1767980938100, "seq": 515}
{"type": "trade", "market": "USDT-NGN", "tradeId": "t_usdtngn_516", "price": 997.21, "size": 98.8893, "side": "buy", "ts": 1767980938101, "seq": 516}
{"type": "ob_delta", "market": "USDT-NGN", "side": "ask", "price": 997.62, "size": 0, "ts": 1767980938102, "seq": 517}
{"type": "ob_delta", "market": "USDC-NGN", "side": "ask", "price": 1229.57, "size": 150.9709, "ts": 1767980938103, "seq": 518}
{"type": "ob_delta", "market": "USDC-NGN", "side": "bid", "price": 1227.71, "size": 768.3635, "ts": 1767980938104, "seq": 519}
{"type": "ob_delta", "market": "USDC-NGN", "side": "ask", "price": 1229.49, "size": 24.1249, "ts": 1767980938105, "seq": 520}
{"type": "ob_delta", "market": "USDT-NGN", "side": "ask", "price": 997.88, "size": 1487.3793, "ts": 1767980938106, "seq": 521}
{"type": "ob_delta", "market": "USDC-NGN", "side": "bid", "price": 1228.1, "size": 0, "ts": 1767980938107, "seq": 522}
{"type": "ob_delta", "market": "USDT-NGN", "side": "ask", "price": 997.66, "size": 10.452, "ts": 1767980938108, "seq": 523}
{"type": "ob_delta", "market": "USDC-NGN", "side": "ask", "price": 1229.4, "size": 1458.202, "ts": 1767980938109, "seq": 524}
{"type": "ob_delta", "market": "USDT-NGN", "side": "ask", "price": 997.65, "size": 248.2099, "ts": 1767980938110, "seq": 525}
{"type": "ob_delta", "market": "USDC-NGN", "side": "bid", "price": 1228.17, "size": 305.2389, "ts": 1767980938111, "seq": 526}
{"type": "ob_delta", "market": "USDC-NGN", "side": "bid", "price": 1227.72, "size": 0, "ts": 1767980938112, "seq": 527}
{"type": "trade", "market": "USDT-NGN", "tradeId": "t_usdtngn_528", "price": 996.91, "size": 335.2939, "side": "sell", "ts": 1767980938113, "seq": 528}
{"type": "trade", "market": "USDT-NGN", "tradeId": "t_usdtngn_529", "price": 996.73, "size": 362.1667, "side": "buy", "ts": 1767980938114, "seq": 529}
{"type": "trade", "market": "USDT-NGN", "tradeId": "t_usdtngn_530", "price": 997.23, "size": 320.8746, "side": "buy", "ts": 1767980938115, "seq": 530}
{"type": "ob_delta", "market": "USDT-NGN", "side": "ask", "price": 997.75, "size": 224.6643, "ts": 1767980938116, "seq": 531}
{"type": "trade", "market": "USDT-NGN", "tradeId": "t_usdtngn_532", "price": 996.86, "size": 365.4482, "side": "buy", "ts": 1767980938117, "seq": 532}
{"type": "ob_delta", "market": "USDC-NGN", "side": "ask", "price": 1229.33, "size": 938.849, "ts": 1767980938118, "seq": 533}
{"type": "ob_delta", "market": "USDC-NGN", "side": "bid", "price": 1227.96, "size": 478.508, "ts": 1767980938119, "seq": 534}
{"type": "ob_delta", "market": "USDC-NGN", "side": "ask", "price": 1229.33, "size": 526.0411, "ts": 1767980938120, "seq": 535}
{"type": "ob_delta", "market": "USDT-NGN", "side": "bid", "price": 996.13, "size": 0, "ts": 1767980938121, "seq": 536}
{"type": "ob_delta", "market": "USDT-NGN", "side": "bid", "price": 996.49, "size": 123.9539, "ts": 1767980938122, "seq": 537}
{"type": "ob_delta", "market": "USDT-NGN", "side": "bid", "price": 996.32, "size": 1609.0125, "ts": 1767980938123, "seq": 538}
{"type": "trade", "market": "USDC-NGN", "tradeId": "t_usdcngn_539", "price": 1229.08, "size": 216.6544, "side": "sell", "ts": 1767980938124, "seq": 539}
{"type": "ob_delta", "market": "USDT-NGN", "side": "bid", "price": 996.19, "size": 527.7998, "ts": 1767980938125, "seq": 540}
{"type": "ob_delta", "market": "USDT-NGN", "side": "bid", "price": 996.47, "size": 178.9802, "ts": 1767980938126, "seq": 541}
{"type": "ob_delta", "market": "USDT-NGN", "side": "ask", "price": 997.53, "size": 0, "ts": 1767980938127, "seq": 542}
{"type": "ob_delta", "market": "USDT-NGN", "side": "bid", "price": 996.48, "size": 721.1059, "ts": 1767980938128, "seq": 543}
{"type": "ob_delta", "market": "USDT-NGN", "side": "ask", "price": 998.01, "size": 86.5403, "ts": 1767980938129, "seq": 544}
{"type": "trade", "market": "USDC-NGN", "tradeId": "t_usdcngn_545", "price": 1229.19, "size": 366.7887, "side": "buy", "ts": 1767980938130, "seq": 545}
{"type": "trade", "market": "USDT-NGN", "tradeId": "t_usdtngn_546", "price": 996.85, "size": 498.1304, "side": "sell", "ts": 1767980938131, "seq": 546}
{"type": "trade", "market": "USDC-NGN", "tradeId": "t_usdcngn_547", "price": 1228.27, "size": 333.1669, "side": "sell", "ts": 1767980938132, "seq": 547}
{"type": "ob_delta", "market": "USDT-NGN", "side": "ask", "price": 997.95, "size": 285.4819, "ts": 1767980938133, "seq": 548}
{"type": "ob_delta", "market": "USDC-NGN", "side": "ask", "price": 1229.53, "size": 136.1127, "ts": 1767980938134, "seq": 549}
{"type": "trade", "market": "USDT-NGN", "tradeId": "t_usdtngn_550", "price": 996.85, "size": 244.1561, "side": "buy", "ts": 1767980938135, "seq": 550}
{"type": "ob_delta", "market": "USDT-NGN", "side": "ask", "price": 997.74, "size": 0, "ts": 1767980938136, "seq": 551}
{"type": "ob_delta", "market": "USDC-NGN", "side": "bid", "price": 1228.03, "size": 846.9597, "ts": 1767980938137, "seq": 552}
{"type": "ob_delta", "market": "USDC-NGN", "side": "ask", "price": 1229.52, "size": 909.895, "ts": 1767980938138, "seq": 553}
{"type": "ob_delta", "market": "USDC-NGN", "side": "bid", "price": 1227.9, "size": 1488.0421, "ts": 1767980938139, "seq": 554}
{"type": "ob_delta", "market": "USDC-NGN", "side": "ask", "price": 1229.44, "size": 1577.085, "ts": 1767980938140, "seq": 555}
{"type": "ob_delta", "market": "USDT-NGN", "side": "bid", "price": 996.05, "size": 958.6349, "ts": 1767980938141, "seq": 556}
{"type": "ob_delta", "market": "USDT-NGN", "side": "bid", "price": 996.42, "size": 0, "ts": 1767980938142, "seq": 557}
{"type": "ob_delta", "market": "USDT-NGN", "side": "ask", "price": 997.79, "size": 1155.0236, "ts": 1767980938143, "seq": 558}
{"type": "ob_delta", "market": "USDC-NGN", "side": "bid", "price": 1227.8, "size": 369.1082, "ts": 1767980938144, "seq": 559}
{"type": "ob_delta", "market": "USDC-NGN", "side": "bid", "price": 1228.17, "size": 65.0575, "ts": 1767980938145, "seq": 560}
{"type": "ob_delta", "market": "USDC-NGN", "side": "bid", "price": 1227.86, "size": 66.3254, "ts": 1767980938146, "seq": 561}
{"type": "ob_delta", "market": "USDT-NGN", "side": "bid", "price": 996.45, "size": 0, "ts": 1767980938147, "seq": 562}
{"type": "trade", "market": "USDT-NGN", "tradeId": "t_usdtngn_563", "price": 997.28, "size": 307.4112, "side": "sell", "ts": 1767980938148, "seq": 563}
{"type": "ob_delta", "market": "USDC-NGN", "side": "ask", "price": 1229.55, "size": 293.5267, "ts": 1767980938149, "seq": 564}
{"type": "trade", "market": "USDT-NGN", "tradeId": "t_usdtngn_565", "price": 997.05, "size": 43.7135, "side": "buy", "ts": 1767980938150, "seq": 565}
{"type": "trade", "market": "USDT-NGN", "tradeId": "t_usdtngn_566", "price": 997.36, "size": 413.4407, "side": "buy", "ts": 1767980938151, "seq": 566}
{"type": "ob_delta", "market": "USDT-NGN", "side": "ask", "price": 997.93, "size": 522.5616, "ts": 1767980938152, "seq": 567}
{"type": "ob_delta", "market": "USDC-NGN", "side": "ask", "price": 1229.55, "size": 780.0632, "ts": 1767980938153, "seq": 568}
{"type": "ob_delta", "market": "USDC-NGN", "side": "ask", "price": 1229.56, "size": 474.4874, "ts": 1767980938154, "seq": 569}
{"type": "trade", "market": "USDT-NGN", "tradeId": "t_usdtngn_570", "price": 997.11, "size": 274.9845, "side": "buy", "ts": 1767980938155, "seq": 570}
{"type": "ob_delta", "market": "USDT-NGN", "side": "bid", "price": 996.31, "size": 630.4807, "ts": 1767980938156, "seq": 571}
{"type": "ob_delta", "market": "USDC-NGN", "side": "bid", "price": 1227.96, "size": 0, "ts": 1767980938157, "seq": 572}
{"type": "ob_delta", "market": "USDC-NGN", "side": "ask", "price": 1229.44, "size": 1380.5464, "ts": 1767980938158, "seq": 573}
{"type": "ob_delta", "market": "USDC-NGN", "side": "ask", "price": 1229.35, "size": 0, "ts": 1767980938159, "seq": 574}
{"type": "ob_delta", "market": "USDC-NGN", "side": "ask", "price": 1229.64, "size": 688.6843, "ts": 1767980938160, "seq": 575}
{"type": "ob_delta", "market": "USDC-NGN", "side": "ask", "price": 1229.59, "size": 659.5471, "ts": 1767980938161, "seq": 576}
{"type": "ob_delta", "market": "USDT-NGN", "side": "bid", "price": 996.12, "size": 0, "ts": 1767980938162, "seq": 577}
{"type": "trade", "market": "USDT-NGN", "tradeId": "t_usdtngn_578", "price": 997.07, "size": 454.2266, "side": "buy", "ts": 1767980938163, "seq": 578}
{"type": "ob_delta", "market": "USDT-NGN", "side": "bid", "price": 996.39, "size": 55.7038, "ts": 1767980938164, "seq": 579}
{"type": "trade", "market": "USDT-NGN", "tradeId": "t_usdtngn_580", "price": 997.23, "size": 342.1951, "side": "sell", "ts": 1767980938165, "seq": 580}
{"type": "ob_delta", "market": "USDC-NGN", "side": "ask", "price": 1229.66, "size": 255.1299, "ts": 1767980938166, "seq": 581}
{"type": "trade", "market": "USDT-NGN", "tradeId": "t_usdtngn_582", "price": 996.69, "size": 368.482, "side": "sell", "ts": 1767980938167, "seq": 582}
{"type": "trade", "market": "USDC-NGN", "tradeId": "t_usdcngn_583", "price": 1228.74, "size": 353.6099, "side": "buy", "ts": 1767980938168, "seq": 583}
{"type": "ob_delta", "market": "USDC-NGN", "side": "ask", "price": 1229.24, "size": 422.584, "ts": 1767980938169, "seq": 584}
{"type": "trade", "market": "USDC-NGN", "tradeId": "t_usdcngn_585", "price": 1228.77, "size": 312.2803, "side": "buy", "ts": 1767980938170, "seq": 585}
{"type": "ob_delta", "market": "USDT-NGN", "side": "ask", "price": 997.56, "size": 994.9167, "ts": 1767980938171, "seq": 586}
{"type": "trade", "market": "USDT-NGN", "tradeId": "t_usdtngn_587", "price": 997.02, "size": 316.9302, "side": "sell", "ts": 1767980938172, "seq": 587}
{"type": "ob_delta", "market": "USDT-NGN", "side": "bid", "price": 996.12, "size": 0, "ts": 1767980938173, "seq": 588}
{"type": "ob_delta", "market": "USDT-NGN", "side": "bid", "price": 996.27, "size": 308.5847, "ts": 1767980938174, "seq": 589}
{"type": "trade", "market": "USDT-NGN", "tradeId": "t_usdtngn_590", "price": 997.19, "size": 310.4306, "side": "buy", "ts": 1767980938175, "seq": 590}
{"type": "ob_delta", "market": "USDT-NGN", "side": "bid", "price": 996.37, "size": 0, "ts": 1767980938176, "seq": 591}
{"type": "ob_delta", "market": "USDT-NGN", "side": "bid", "price": 996.21, "size": 81.4833, "ts": 1767980938177, "seq": 592}
{"type": "ob_delta", "market": "USDT-NGN", "side": "bid", "price": 996.09, "size": 531.9602, "ts": 1767980938178, "seq": 593}
{"type": "ob_delta", "market": "USDT-NGN", "side": "bid", "price": 996.07, "size": 0, "ts": 1767980938179, "seq": 594}
{"type": "trade", "market": "USDT-NGN", "tradeId": "t_usdtngn_595", "price": 996.96, "size": 200.3047, "side": "buy", "ts": 1767980938180, "seq": 595}
{"type": "ob_delta", "market": "USDT-NGN", "side": "bid", "price": 996.07, "size": 0, "ts": 1767980938181, "seq": 596}
{"type": "trade", "market": "USDC-NGN", "tradeId": "t_usdcngn_597", "price": 1228.75, "size": 430.37, "side": "buy", "ts": 1767980938182, "seq": 597}
{"type": "ob_delta", "market": "USDT-NGN", "side": "bid", "price": 996.32, "size": 2081.1856, "ts": 1767980938183, "seq": 598}
{"type": "ob_delta", "market": "USDC-NGN", "side": "ask", "price": 1229.27, "size": 148.582, "ts": 1767980938184, "seq": 599}
{"type": "ob_delta", "market": "USDT-NGN", "side": "ask", "price": 997.53, "size": 0, "ts": 1767980938185, "seq": 600}
{"type": "ob_delta", "market": "USDC-NGN", "side": "ask", "price": 1229.19, "size": 0, "ts": 1767980938186, "seq": 601}
{"type": "ob_delta", "market": "USDT-NGN", "side": "ask", "price": 997.66, "size": 19.5431, "ts": 1767980938187, "seq": 602}
{"type": "trade", "market": "USDC-NGN", "tradeId": "t_usdcngn_603", "price": 1228.21, "size": 270.9825, "side": "buy", "ts": 1767980938188, "seq": 603}
{"type": "ob_delta", "market": "USDT-NGN", "side": "bid", "price": 996.42, "size": 0, "ts": 1767980938189, "seq": 604}
{"type": "trade", "market": "USDT-NGN", "tradeId": "t_usdtngn_605", "price": 996.68, "size": 408.4125, "side": "buy", "ts": 1767980938190, "seq": 605}
{"type": "ob_delta", "market": "USDT-NGN", "side": "bid", "price": 996.39, "size": 0.6842, "ts": 1767980938191, "seq": 606}
{"type": "ob_delta", "market": "USDC-NGN", "side": "ask", "price": 1229.41, "size": 0, "ts": 1767980938192, "seq": 607}
{"type": "ob_delta", "market": "USDT-NGN", "side": "ask", "price": 997.76, "size": 0, "ts": 1767980938193, "seq": 608}
{"type": "trade", "market": "USDT-NGN", "tradeId": "t_usdtngn_609", "price": 996.75, "size": 230.5825, "side": "buy", "ts": 1767980938194, "seq": 609}
{"type": "trade", "market": "USDC-NGN", "tradeId": "t_usdcngn_610", "price": 1229.14, "size": 200.9321, "side": "sell", "ts": 1767980938195, "seq": 610}
{"type": "trade", "market": "USDT-NGN", "tradeId": "t_usdtngn_611", "price": 996.78, "size": 298.4133, "side": "sell", "ts": 1767980938196, "seq": 611}
{"type": "ob_delta", "market": "USDC-NGN", "side": "ask", "price": 1229.48, "size": 112.7074, "ts": 1767980938197, "seq": 612}
{"type": "ob_delta", "market": "USDT-NGN", "side": "bid", "price": 996.49, "size": 402.0528, "ts": 1767980938198, "seq": 613}
{"type": "trade", "market": "USDC-NGN", "tradeId": "t_usdcngn_614", "price": 1228.83, "size": 190.8888, "side": "buy", "ts": 1767980938199, "seq": 614}
{"type": "ob_delta", "market": "USDC-NGN", "side": "ask", "price": 1229.32, "size": 101.6504, "ts": 1767980938200, "seq": 615}
{"type": "ob_delta", "market": "USDT-NGN", "side": "ask", "price": 997.58, "size": 436.1247, "ts": 1767980938201, "seq": 616}
{"type": "ob_delta", "market": "USDC-NGN", "side": "ask", "price": 1229.34, "size": 725.0991, "ts": 1767980938202, "seq": 617}
{"type": "trade", "market": "USDC-NGN", "tradeId": "t_usdcngn_618", "price": 1229.06, "size": 184.0081, "side": "sell", "ts": 1767980938203, "seq": 618}
{"type": "ob_delta", "market": "USDT-NGN", "side": "bid", "price": 996.34, "size": 0, "ts": 1767980938204, "seq": 619}
{"type": "ob_delta", "market": "USDT-NGN", "side": "ask", "price": 997.82, "size": 835.584, "ts": 1767980938205, "seq": 620}
{"type": "ob_delta", "market": "USDC-NGN", "side": "ask", "price": 1229.66, "size": 585.1129, "ts": 1767980938206, "seq": 621}
{"type": "ob_delta", "market": "USDC-NGN", "side": "bid", "price": 1227.99, "size": 1579.0879, "ts": 1767980938207, "seq": 622}
{"type": "ob_delta", "market": "USDT-NGN", "side": "bid", "price": 996.19, "size": 201.4991, "ts": 1767980938208, "seq": 623}
{"type": "ob_delta", "market": "USDC-NGN", "side": "bid", "price": 1227.75, "size": 0, "ts": 1767980938209, "seq": 624}
{"type": "trade", "market": "USDT-NGN", "tradeId": "t_usdtngn_625", "price": 997.21, "size": 428.1527, "side": "buy", "ts": 1767980938210, "seq": 625}
{"type": "ob_delta", "market": "USDT-NGN", "side": "ask", "price": 997.8, "size": 353.0358, "ts": 1767980938211, "seq": 626}
{"type": "ob_delta", "market": "USDC-NGN", "side": "ask", "price": 1229.33, "size": 35.9923, "ts": 1767980938212, "seq": 627}
{"type": "ob_delta", "market": "USDC-NGN", "side": "ask", "price": 1229.21, "size": 1796.0541, "ts": 1767980938213, "seq": 628}
{"type": "ob_delta", "market": "USDC-NGN", "side": "bid", "price": 1227.97, "size": 0, "ts": 1767980938214, "seq": 629}
{"type": "ob_delta", "market": "USDT-NGN", "side": "ask", "price": 997.59, "size": 673.6391, "ts": 1767980938215, "seq": 630}
{"type": "ob_delta", "market": "USDT-NGN", "side": "bid", "price": 996.36, "size": 0, "ts": 1767980938216, "seq": 631}
{"type": "ob_delta", "market": "USDC-NGN", "side": "ask", "price": 1229.35, "size": 276.7325, "ts": 1767980938217, "seq": 632}
{"type": "ob_delta", "market": "USDC-NGN", "side": "ask", "price": 1229.62, "size": 0, "ts": 1767980938218, "seq": 633}
{"type": "trade", "market": "USDC-NGN", "tradeId": "usdcngn_4", "price": 1228.22, "size": 363.0596, "side": "buy", "ts": 1767980938219, "seq": 634}
{"type": "ob_delta", "market": "USDC-NGN", "side": "bid", "price": 1227.98, "size": 874.6412, "ts": 1767980938220, "seq": 635}
{"type": "ob_delta", "market": "USDT-NGN", "side": "ask", "price": 997.91, "size": 890.3279, "ts": 1767980938221, "seq": 636}
{"type": "ob_delta", "market": "USDT-NGN", "side": "ask", "price": 997.57, "size": 88.0506, "ts": 1767980938222, "seq": 637}
{"type": "ob_delta", "market": "USDC-NGN", "side": "ask", "price": 1229.53, "size": 58.151, "ts": 1767980938223, "seq": 638}
{"type": "ob_delta", "market": "USDC-NGN", "side": "bid", "price": 1227.97, "size": 423.3403, "ts": 1767980938224, "seq": 639}
{"type": "ob_delta", "market": "USDT-NGN", "side": "bid", "price": 996.18, "size": 0, "ts": 1767980938225, "seq": 640}
{"type": "ob_delta", "market": "USDT-NGN", "side": "ask", "price": 998.0, "size": 255.2087, "ts": 1767980938226, "seq": 641}
{"type": "trade", "market": "USDC-NGN", "tradeId": "t_usdcngn_642", "price": 1228.51, "size": 226.0115, "side": "sell", "ts": 1767980938227, "seq": 642}
{"type": "trade", "market": "USDT-NGN", "tradeId": "t_usdtngn_643", "price": 997.18, "size": 139.4877, "side": "sell", "ts": 1767980938228, "seq": 643}
{"type": "ob_delta", "market": "USDT-NGN", "side": "bid", "price": 996.43, "size": 308.1736, "ts": 1767980938229, "seq": 644}
{"type": "ob_delta", "market": "USDT-NGN", "side": "bid", "price": 996.45, "size": 181.1054, "ts": 1767980938230, "seq": 645}
{"type": "trade", "market": "USDT-NGN", "tradeId": "t_usdtngn_646", "price": 997.08, "size": 93.6316, "side": "sell", "ts": 1767980938231, "seq": 646}
{"type": "trade", "market": "USDC-NGN", "tradeId": "t_usdcngn_647", "price": 1228.73, "size": 489.4562, "side": "buy", "ts": 1767980938232, "seq": 647}
{"type": "trade", "market": "USDT-NGN", "tradeId": "t_usdtngn_648", "price": 996.74, "size": 321.4106, "side": "buy", "ts": 1767980938233, "seq": 648}
{"type": "ob_delta", "market": "USDC-NGN", "side": "ask", "price": 1229.26, "size": 197.3405, "ts": 1767980938234, "seq": 649}
{"type": "ob_delta", "market": "USDT-NGN", "side": "ask", "price": 997.65, "size": 587.8417, "ts": 1767980938235, "seq": 650}
{"type": "ob_delta", "market": "USDC-NGN", "side": "bid", "price": 1227.83, "size": 1008.2179, "ts": 1767980938236, "seq": 651}
{"type": "ob_delta", "market": "USDT-NGN", "side": "bid", "price": 996.21, "size": 456.3578, "ts": 1767980938237, "seq": 652}
{"type": "ob_delta", "market": "USDC-NGN", "side": "ask", "price": 1229.21, "size": 2214.8576, "ts": 1767980938238, "seq": 653}
{"type": "ob_delta", "market": "USDC-NGN", "side": "bid", "price": 1227.88, "size": 633.3348, "ts": 1767980938239, "seq": 654}
{"type": "trade", "market": "USDT-NGN", "tradeId": "t_usdtngn_655", "price": 996.94, "size": 4.3518, "side": "sell", "ts": 1767980938240, "seq": 655}
{"type": "ob_delta", "market": "USDT-NGN", "side": "bid", "price": 996.22, "size": 1060.153, "ts": 1767980938241, "seq": 656}
{"type": "trade", "market": "USDC-NGN", "tradeId": "t_usdcngn_657", "price": 1228.28, "size": 238.8978, "side": "buy", "ts": 1767980938242, "seq": 657}
{"type": "ob_delta", "market": "USDC-NGN", "side": "bid", "price": 1227.82, "size": 1343.0671, "ts": 1767980938243, "seq": 658}
{"type": "ob_delta", "market": "USDC-NGN", "side": "bid", "price": 1227.75, "size": 467.3662, "ts": 1767980938244, "seq": 659}
{"type": "trade", "market": "USDT-NGN", "tradeId": "t_usdtngn_660", "price": 997.02, "size": 496.0502, "side": "buy", "ts": 1767980938245, "seq": 660}
{"type": "trade", "market": "USDT-NGN", "tradeId": "t_usdtngn_661", "price": 996.69, "size": 219.3285, "side": "buy", "ts": 1767980938246, "seq": 661}
{"type": "ob_delta", "market": "USDT-NGN", "side": "bid", "price": 996.4, "size": 1522.6935, "ts": 1767980938247, "seq": 662}
{"type": "ob_delta", "market": "USDC-NGN", "side": "bid", "price": 1227.99, "size": 0, "ts": 1767980938248, "seq": 663}
{"type": "ob_delta", "market": "USDT-NGN", "side": "ask", "price": 997.78, "size": 451.6278, "ts": 1767980938249, "seq": 664}
{"type": "ob_delta", "market": "USDC-NGN", "side": "ask", "price": 1229.49, "size": 302.1083, "ts": 1767980938250, "seq": 665}
{"type": "ob_delta", "market": "USDT-NGN", "side": "ask", "price": 997.9, "size": 302.9283, "ts": 1767980938251, "seq": 666}
{"type": "ob_delta", "market": "USDT-NGN", "side": "bid", "price": 996.46, "size": 0, "ts": 1767980938252, "seq": 667}
{"type": "ob_delta", "market": "USDC-NGN", "side": "bid", "price": 1228.13, "size": 941.4582, "ts": 1767980938253, "seq": 668}
{"type": "trade", "market": "USDT-NGN", "tradeId": "t_usdtngn_669", "price": 996.65, "size": 406.5714, "side": "sell", "ts": 1767980938254, "seq": 669}
{"type": "trade", "market": "USDC-NGN", "tradeId": "t_usdcngn_670", "price": 1228.77, "size": 25.5319, "side": "sell", "ts": 1767980938255, "seq": 670}
{"type": "ob_delta", "market": "USDT-NGN", "side": "bid", "price": 996.03, "size": 1167.2841, "ts": 1767980938256, "seq": 671}
{"type": "ob_delta", "market": "USDT-NGN", "side": "bid", "price": 996.24, "size": 0, "ts": 1767980938257, "seq": 672}
{"type": "ob_delta", "market": "USDT-NGN", "side": "bid", "price": 996.22, "size": 1166.6104, "ts": 1767980938258, "seq": 673}
{"type": "trade", "market": "USDC-NGN", "tradeId": "t_usdcngn_674", "price": 1228.96, "size": 232.1866, "side": "buy", "ts": 1767980938259, "seq": 674}
{"type": "ob_delta", "market": "USDT-NGN", "side": "ask", "price": 997.8, "size": 0, "ts": 1767980938260, "seq": 675}
{"type": "ob_delta", "market": "USDT-NGN", "side": "bid", "price": 996.2, "size": 311.1128, "ts": 1767980938261, "seq": 676}
{"type": "ob_delta", "market": "USDC-NGN", "side": "bid", "price": 1227.77, "size": 230.4887, "ts": 1767980938262, "seq": 677}
{"type": "ob_delta", "market": "USDC-NGN", "side": "bid", "price": 1228.17, "size": 0, "ts": 1767980938263, "seq": 678}
{"type": "ob_delta", "market": "USDT-NGN", "side": "ask", "price": 997.83, "size": 749.4172, "ts": 1767980938264, "seq": 679}
{"type": "trade", "market": "USDC-NGN", "tradeId": "t_usdcngn_680", "price": 1229.08, "size": 278.0253, "side": "sell", "ts": 1767980938265, "seq": 680}
{"type": "ob_delta", "market": "USDC-NGN", "side": "ask", "price": 1229.6, "size": 641.9216, "ts": 1767980938266, "seq": 681}
{"type": "ob_delta", "market": "USDT-NGN", "side": "bid", "price": 996.28, "size": 1346.8051, "ts": 1767980938267, "seq": 682}
{"type": "trade", "market": "USDT-NGN", "tradeId": "t_usdtngn_683", "price": 996.92, "size": 229.2385, "side": "buy", "ts": 1767980938268, "seq": 683}
{"type": "trade", "market": "USDT-NGN", "tradeId": "t_usdtngn_684", "price": 996.97, "size": 136.0327, "side": "sell", "ts": 1767980938269, "seq": 684}
{"type": "ob_delta", "market": "USDC-NGN", "side": "bid", "price": 1228.07, "size": 423.0679, "ts": 1767980938270, "seq": 685}
{"type": "ob_delta", "market": "USDC-NGN", "side": "bid", "price": 1228.0, "size": 699.4678, "ts": 1767980938271, "seq": 686}
{"type": "ob_delta", "market": "USDT-NGN", "side": "ask", "price": 997.91, "size": 1140.1564, "ts": 1767980938272, "seq": 687}
{"type": "trade", "market": "USDC-NGN", "tradeId": "t_usdcngn_688", "price": 1228.9, "size": 349.9501, "side": "sell", "ts": 1767980938273, "seq": 688}
{"type": "trade", "market": "USDC-NGN", "tradeId": "t_usdcngn_689", "price": 1228.39, "size": 259.7879, "side": "buy", "ts": 1767980938274, "seq": 689}
{"type": "ob_delta", "market": "USDC-NGN", "side": "ask", "price": 1229.55, "size": 947.2486, "ts": 1767980938275, "seq": 690}
{"type": "ob_delta", "market": "USDT-NGN", "side": "bid", "price": 996.08, "size": 1400.5189, "ts": 1767980938276, "seq": 691}
{"type": "ob_delta", "market": "USDC-NGN", "side": "bid", "price": 1227.71, "size": 1187.1717, "ts": 1767980938277, "seq": 692}
{"type": "ob_delta", "market": "USDT-NGN", "side": "bid", "price": 996.37, "size": 0, "ts": 1767980938278, "seq": 693}
{"type": "ob_delta", "market": "USDT-NGN", "side": "bid", "price": 996.14, "size": 484.3698, "ts": 1767980938279, "seq": 694}
{"type": "ob_delta", "market": "USDC-NGN", "side": "bid", "price": 1228.16, "size": 0, "ts": 1767980938280, "seq": 695}
{"type": "ob_delta", "market": "USDC-NGN", "side": "ask", "price": 1229.37, "size": 1516.043, "ts": 1767980938281, "seq": 696}
{"type": "ob_delta", "market": "USDC-NGN", "side": "ask", "price": 1229.67, "size": 0, "ts": 1767980938282, "seq": 697}
{"type": "ob_delta", "market": "USDC-NGN", "side": "ask", "price": 1229.23, "size": 918.3831, "ts": 1767980938283, "seq": 698}
{"type": "ob_delta", "market": "USDC-NGN", "side": "ask", "price": 1229.44, "size": 1335.2349, "ts": 1767980938284, "seq": 699}
{"type": "trade", "market": "USDT-NGN", "tradeId": "t_usdtngn_700", "price": 996.91, "size": 115.6998, "side": "buy", "ts": 1767980938285, "seq": 700}
{"type": "ob_delta", "market": "USDT-NGN", "side": "ask", "price": 997.65, "size": 667.9256, "ts": 1767980938286, "seq": 701}
{"type": "ob_delta", "market": "USDT-NGN", "side": "bid", "price": 996.32, "size": 2505.13, "ts": 1767980938287, "seq": 702}
{"type": "trade", "market": "USDT-NGN", "tradeId": "t_usdtngn_703", "price": 996.65, "size": 420.1186, "side": "sell", "ts": 1767980938288, "seq": 703}
{"type": "ob_delta", "market": "USDC-NGN", "side": "ask", "price": 1229.18, "size": 0, "ts": 1767980938289, "seq": 704}
{"type": "ob_delta", "market": "USDC-NGN", "side": "ask", "price": 1229.3, "size": 0, "ts": 1767980938290, "seq": 705}
{"type": "trade", "market": "USDC-NGN", "tradeId": "t_usdcngn_706", "price": 1228.91, "size": 473.7819, "side": "buy", "ts": 1767980938291, "seq": 706}
{"type": "trade", "market": "USDC-NGN", "tradeId": "t_usdcngn_707", "price": 1228.22, "size": 328.5733, "side": "sell", "ts": 1767980938292, "seq": 707}
{"type": "ob_delta", "market": "USDT-NGN", "side": "bid", "price": 996.17, "size": 625.8379, "ts": 1767980938293, "seq": 708}
{"type": "ob_delta", "market": "USDC-NGN", "side": "ask", "price": 1229.18, "size": 228.6617, "ts": 1767980938294, "seq": 709}
{"type": "ob_delta", "market": "USDT-NGN", "side": "bid", "price": 996.14, "size": 599.0887, "ts": 1767980938295, "seq": 710}
{"type": "ob_delta", "market": "USDC-NGN", "side": "ask", "price": 1229.18, "size": 325.0899, "ts": 1767980938296, "seq": 711}
{"type": "ob_delta", "market": "USDC-NGN", "side": "bid", "price": 1227.96, "size": 0, "ts": 1767980938297, "seq": 712}
{"type": "ob_delta", "market": "USDC-NGN", "side": "bid", "price": 1227.8, "size": 443.6049, "ts": 1767980938298, "seq": 713}
{"type": "trade", "market": "USDT-NGN", "tradeId": "t_usdtngn_714", "price": 997.4, "size": 103.1299, "side": "sell", "ts": 1767980938299, "seq": 714}
{"type": "ob_delta", "market": "USDC-NGN", "side": "ask", "price": 1229.33, "size": 0, "ts": 1767980938300, "seq": 715}
{"type": "trade", "market": "USDC-NGN", "tradeId": "t_usdcngn_716", "price": 1229.15, "size": 185.496, "side": "sell", "ts": 1767980938301, "seq": 716}
{"type": "ob_delta", "market": "USDT-NGN", "side": "ask", "price": 997.73, "size": 385.4975, "ts": 1767980938302, "seq": 717}
{"type": "ob_delta", "market": "USDT-NGN", "side": "bid", "price": 996.42, "size": 0, "ts": 1767980938303, "seq": 718}
{"type": "ob_delta", "market": "USDT-NGN", "side": "ask", "price": 997.97, "size": 0, "ts": 1767980938304, "seq": 719}
{"type": "trade", "market": "USDC-NGN", "tradeId": "t_usdcngn_720", "price": 1228.89, "size": 11.6018, "side": "sell", "ts": 1767980938305, "seq": 720}
{"type": "ob_delta", "market": "USDT-NGN", "side": "bid", "price": 996.37, "size": 89.2316, "ts": 1767980938306, "seq": 721}
{"type": "ob_delta", "market": "USDT-NGN", "side": "ask", "price": 997.8, "size": 0, "ts": 1767980938307, "seq": 722}
{"type": "trade", "market": "USDC-NGN", "tradeId": "t_usdcngn_723", "price": 1229.01, "size": 266.3343, "side": "buy", "ts": 1767980938308, "seq": 723}
{"type": "ob_delta", "market": "USDC-NGN", "side": "bid", "price": 1227.82, "size": 1075.9667, "ts": 1767980938309, "seq": 724}
{"type": "ob_delta", "market": "USDC-NGN", "side": "bid", "price": 1227.7, "size": 243.4938, "ts": 1767980938310, "seq": 725}
{"type": "trade", "market": "USDC-NGN", "tradeId": "t_usdcngn_726", "price": 1228.88, "size": 242.261, "side": "buy", "ts": 1767980938311, "seq": 726}
{"type": "trade", "market": "USDC-NGN", "tradeId": "t_usdcngn_727", "price": 1228.19, "size": 414.3158, "side": "sell", "ts": 1767980938312, "seq": 727}
{"type": "ob_delta", "market": "USDC-NGN", "side": "bid", "price": 1228.0, "size": 961.6639, "ts": 1767980938313, "seq": 728}
{"type": "ob_delta", "market": "USDT-NGN", "side": "bid", "price": 996.33, "size": 0, "ts": 1767980938314, "seq": 729}
{"type": "trade", "market": "USDC-NGN", "tradeId": "t_usdcngn_730", "price": 1229.05, "size": 199.4863, "side": "buy", "ts": 1767980938315, "seq": 730}
{"type": "ob_delta", "market": "USDC-NGN", "side": "bid", "price": 1227.76, "size": 0, "ts": 1767980938316, "seq": 731}
{"type": "trade", "market": "USDT-NGN", "tradeId": "t_usdtngn_732", "price": 997.47, "size": 444.0017, "side": "buy", "ts": 1767980938317, "seq": 732}
{"type": "ob_delta", "market": "USDC-NGN", "side": "ask", "price": 1229.58, "size": 1106.9658, "ts": 1767980938318, "seq": 733}
{"type": "trade", "market": "USDT-NGN", "tradeId": "t_usdtngn_734", "price": 996.52, "size": 454.9585, "side": "sell", "ts": 1767980938319, "seq": 734}
{"type": "ob_delta", "market": "USDT-NGN", "side": "bid", "price": 996.18, "size": 300.6795, "ts": 1767980938320, "seq": 735}
{"type": "ob_delta", "market": "USDC-NGN", "side": "bid", "price": 1227.96, "size": 0, "ts": 1767980938321, "seq": 736}
{"type": "ob_delta", "market": "USDC-NGN", "side": "ask", "price": 1229.57, "size": 0, "ts": 1767980938322, "seq": 737}
{"type": "ob_delta", "market": "USDT-NGN", "side": "bid", "price": 996.52, "size": 0, "ts": 1767980938323, "seq": 738}
{"type": "ob_delta", "market": "USDC-NGN", "side": "bid", "price": 1227.85, "size": 788.4032, "ts": 1767980938324, "seq": 739}
{"type": "ob_delta", "market": "USDC-NGN", "side": "bid", "price": 1228.04, "size": 948.8701, "ts": 1767980938325, "seq": 740}
{"type": "ob_delta", "market": "USDC-NGN", "side": "ask", "price": 1229.52, "size": 512.9219, "ts": 1767980938326, "seq": 741}
{"type": "ob_delta", "market": "USDT-NGN", "side": "ask", "price": 997.99, "size": 737.9043, "ts": 1767980938327, "seq": 742}
{"type": "ob_delta", "market": "USDT-NGN", "side": "bid", "price": 996.04, "size": 528.0481, "ts": 1767980938328, "seq": 743}
{"type": "trade", "market": "USDT-NGN", "tradeId": "t_usdtngn_744", "price": 997.5, "size": 396.7501, "side": "buy", "ts": 1767980938329, "seq": 744}
{"type": "ob_delta", "market": "USDC-NGN", "side": "ask", "price": 1229.61, "size": 323.3623, "ts": 1767980938330, "seq": 745}
{"type": "ob_delta", "market": "USDC-NGN", "side": "bid", "price": 1227.69, "size": 389.2285, "ts": 1767980938331, "seq": 746}
{"type": "trade", "market": "USDC-NGN", "tradeId": "t_usdcngn_747", "price": 1229.16, "size": 25.8308, "side": "buy", "ts": 1767980938332, "seq": 747}
{"type": "ob_delta", "market": "USDT-NGN", "side": "bid", "price": 996.37, "size": 0, "ts": 1767980938333, "seq": 748}
{"type": "ob_delta", "market": "USDT-NGN", "side": "bid", "price": 996.39, "size": 156.4621, "ts": 1767980938334, "seq": 749}
{"type": "ob_delta", "market": "USDT-NGN", "side": "bid", "price": 996.2, "size": 43.0285, "ts": 1767980938335, "seq": 750}
{"type": "ob_delta", "market": "USDT-NGN", "side": "ask", "price": 997.62, "size": 0, "ts": 1767980938336, "seq": 751}
{"type": "ob_delta", "market": "USDC-NGN", "side": "ask", "price": 1229.29, "size": 0, "ts": 1767980938337, "seq": 752}
{"type": "ob_delta", "market": "USDT-NGN", "side": "ask", "price": 997.81, "size": 1282.0816, "ts": 1767980938338, "seq": 753}
{"type": "ob_delta", "market": "USDC-NGN", "side": "ask", "price": 1229.59, "size": 1002.4572, "ts": 1767980938339, "seq": 754}
